{
    "scraped_at": "2025-05-08 20:57:55",
    "total_products": 70,
    "total_pages": 4,
    "products": [
        {
            "cheese_type": "Cheese, Mozzarella, Wmlm, Feather Shred, Nb, 4/5 Lb - 124254",
            "price": "$53.98",
            "price_per_lb": "$2.70/LB",
            "image_url": "https://shop.kimelo.com/_next/image?url=https%3A%2F%2Fd3tlizm80tjdt4.cloudfront.net%2Fremote_images%2Fimage%2F2114%2Fsmall%2Fb41784f854f03efedc29d73d0a248d0dac389d704b7101205d.jpg&w=3840&q=50",
            "product_url": "https://shop.kimelo.com/sku/cheese-mozzarella-wmlm-feather-shred-nb-45-lb-124254/124254",
            "brand": "North Beach",
            "page_number": 1,
            "cheese_form": "Specialty Cheese",
            "sku": "124254",
            "upc": "124254",
            "product_info": {
                "each": {
                    "count": "1 Item",
                    "volume": "L 1\" x W 1\" x H 1\"",
                    "weight": "20 lbs"
                }
            }
        },
        {
            "cheese_type": "Cheese, American, 120 Slice, Yellow, (4) 5 Lb - 103674",
            "price": "$16.76",
            "price_per_lb": "$3.35/LB",
            "image_url": "https://shop.kimelo.com/_next/image?url=https%3A%2F%2Fd3tlizm80tjdt4.cloudfront.net%2Fimage%2F15196%2Fimage%2Fsm-af4d520ed6ba1c0a2c2dbddaffd35ce4.png&w=3840&q=50",
            "product_url": "https://shop.kimelo.com/sku/cheese-american-120-slice-yellow-4-5-lb-103674/103674",
            "brand": "Schreiber",
            "page_number": 1,
            "cheese_form": "Sliced Cheese",
            "sku": "103674",
            "upc": "103674",
            "product_info": {
                "case": {
                    "count": "4 Eaches",
                    "volume": "L 1\" x W 1\" x H 1\"",
                    "weight": "5.15 lbs"
                },
                "each": {
                    "count": "1 Item",
                    "volume": "L 1\" x W 1\" x H 1\"",
                    "weight": "1.2875 lbs"
                }
            }
        },
        {
            "cheese_type": "Cheese, Cheddar, Shredded, Fancy, Mild, (4) - 106832",
            "price": "$16.46",
            "price_per_lb": "$3.29/LB",
            "image_url": "https://shop.kimelo.com/_next/image?url=https%3A%2F%2Fd3tlizm80tjdt4.cloudfront.net%2Fimage%2F15193%2Fimage%2Fsm-dba02abeba78ee707501f521a0557481.png&w=3840&q=50",
            "product_url": "https://shop.kimelo.com/sku/cheese-cheddar-shredded-fancy-mild-4-106832/106832",
            "brand": "Cheswick",
            "page_number": 1,
            "cheese_form": "Shredded Cheese",
            "sku": "106832",
            "upc": "106832",
            "product_info": {
                "case": {
                    "count": "4 Eaches",
                    "volume": "L 1\" x W 1\" x H 1\"",
                    "weight": "5 lbs"
                },
                "each": {
                    "count": "1 Item",
                    "volume": "L 1\" x W 1\" x H 1\"",
                    "weight": "1.25 lbs"
                }
            }
        },
        {
            "cheese_type": "Cheese, Cheddar, Mild, Sliced, (8) - 103600",
            "price": "$6.89",
            "price_per_lb": "$4.59/LB",
            "image_url": "https://shop.kimelo.com/_next/image?url=https%3A%2F%2Fd3tlizm80tjdt4.cloudfront.net%2Fimage%2F8965%2Fimage%2Fsm-137bd810e22f0b816f7a749f30bb60f4.jpeg&w=3840&q=50",
            "product_url": "https://shop.kimelo.com/sku/cheese-cheddar-mild-sliced-8-103600/103600",
            "brand": "California Select Farms",
            "page_number": 1,
            "cheese_form": "Sliced Cheese",
            "sku": "103600",
            "upc": "103600",
            "product_info": {
                "case": {
                    "count": "8 Eaches",
                    "volume": "L 1\" x W 1\" x H 1\"",
                    "weight": "1.5 lbs"
                },
                "each": {
                    "count": "1 Item",
                    "volume": "L 1\" x W 1\" x H 1\"",
                    "weight": "0.1875 lbs"
                }
            }
        },
        {
            "cheese_type": "Cheese, Parmesan, Grated, Imported, (4) 5 Lb - 111522",
            "price": "$30.18",
            "price_per_lb": "$6.04/LB",
            "image_url": "https://shop.kimelo.com/_next/image?url=https%3A%2F%2Fd3tlizm80tjdt4.cloudfront.net%2Fimage%2F10794%2Fimage%2Fsm-313ae66972cd7064da6bcf09c337ae5a.png&w=3840&q=50",
            "product_url": "https://shop.kimelo.com/sku/cheese-parmesan-grated-imported-4-5-lb-111522/111522",
            "brand": "Galbani",
            "page_number": 1,
            "cheese_form": "Crumbled, Cubed, Grated, Shaved",
            "sku": "111522",
            "upc": "111522",
            "product_info": {
                "case": {
                    "count": "4 Eaches",
                    "volume": "L 1\" x W 1\" x H 1\"",
                    "weight": "5 lbs"
                },
                "each": {
                    "count": "1 Item",
                    "volume": "L 1\" x W 1\" x H 1\"",
                    "weight": "1.25 lbs"
                }
            }
        },
        {
            "cheese_type": "Cheese, Parmesan, Shaved, (4) 5 Lb - 106816",
            "price": "$26.44",
            "price_per_lb": "$5.29/LB",
            "image_url": "https://shop.kimelo.com/_next/image?url=https%3A%2F%2Fd3tlizm80tjdt4.cloudfront.net%2Fimage%2F2865%2Fimage%2Fsm-7f83700059c075a212d5756e9c4e7073.jpg&w=3840&q=50",
            "product_url": "https://shop.kimelo.com/sku/cheese-parmesan-shaved-4-5-lb-106816/106816",
            "brand": "Galbani",
            "page_number": 1,
            "cheese_form": "Crumbled, Cubed, Grated, Shaved",
            "sku": "106816",
            "upc": "106816",
            "product_info": {
                "case": {
                    "count": "4 Eaches",
                    "volume": "L 1\" x W 1\" x H 1\"",
                    "weight": "5 lbs"
                },
                "each": {
                    "count": "1 Item",
                    "volume": "L 1\" x W 1\" x H 1\"",
                    "weight": "1.25 lbs"
                }
            }
        },
        {
            "cheese_type": "Cheese, Ricotta, (4) 5lb - 108718",
            "price": "$16.89",
            "price_per_lb": "$3.38/LB",
            "image_url": "https://shop.kimelo.com/_next/image?url=https%3A%2F%2Fd3tlizm80tjdt4.cloudfront.net%2Fimage%2F15218%2Fimage%2Fsm-466292604c156f994ceac17cbcf40f9e.png&w=3840&q=50",
            "product_url": "https://shop.kimelo.com/sku/cheese-ricotta-4-5lb-108718/108718",
            "brand": "Galbani",
            "page_number": 1,
            "cheese_form": "Specialty Cheese",
            "sku": "108718",
            "upc": "108718",
            "product_info": {
                "case": {
                    "count": "4 Eaches",
                    "volume": "L 1\" x W 1\" x H 1\"",
                    "weight": "5 lbs"
                },
                "each": {
                    "count": "1 Item",
                    "volume": "L 1\" x W 1\" x H 1\"",
                    "weight": "1.25 lbs"
                }
            }
        },
        {
            "cheese_type": "Cheese, Shredded, Jack & Cheddar Blend, Fancy, (4) 5 Lb - 103664",
            "price": "$14.71",
            "price_per_lb": "$2.94/LB",
            "image_url": "https://shop.kimelo.com/_next/image?url=https%3A%2F%2Fd3tlizm80tjdt4.cloudfront.net%2Fremote_images%2Fimage%2F7672%2Fsmall%2F63a1d4191c5e3258376922c1599c780ef012ec6bf3828fa409.jpg&w=3840&q=50",
            "product_url": "https://shop.kimelo.com/sku/cheese-shredded-jack-cheddar-blend-fancy-4-5-lb-103664/103664",
            "brand": "Packer",
            "page_number": 1,
            "cheese_form": "Shredded Cheese",
            "sku": "103664",
            "upc": "103664",
            "product_info": {
                "case": {
                    "count": "4 Eaches",
                    "volume": "L 1\" x W 1\" x H 1\"",
                    "weight": "5 lbs"
                },
                "each": {
                    "count": "1 Item",
                    "volume": "L 1\" x W 1\" x H 1\"",
                    "weight": "1.25 lbs"
                }
            }
        },
        {
            "cheese_type": "Cheese, Cream, Loaf, Philadelphia, (6) 3 Lb - 103663",
            "price": "$16.13",
            "price_per_lb": "$5.38/LB",
            "image_url": "https://shop.kimelo.com/_next/image?url=https%3A%2F%2Fd3tlizm80tjdt4.cloudfront.net%2Fimage%2F1544%2Fimage%2Fsm-b2bb50a2b1ae90153c2401ff9f0214df.jpg&w=3840&q=50",
            "product_url": "https://shop.kimelo.com/sku/cheese-cream-loaf-philadelphia-6-3-lb-103663/103663",
            "brand": "Philadelphia",
            "page_number": 1,
            "cheese_form": "Cheese Loaf",
            "sku": "103663",
            "upc": "103663",
            "product_info": {
                "case": {
                    "count": "6 Eaches",
                    "volume": "L 1\" x W 1\" x H 1\"",
                    "weight": "3 lbs"
                },
                "each": {
                    "count": "1 Item",
                    "volume": "L 1\" x W 1\" x H 1\"",
                    "weight": "0.5 lbs"
                }
            }
        },
        {
            "cheese_type": "Cheese, Jack Pepper, Sliced, (8) 1.5 Lb 124829",
            "price": "$6.72",
            "price_per_lb": "$4.48/LB",
            "image_url": "https://shop.kimelo.com/_next/image?url=https%3A%2F%2Fd3tlizm80tjdt4.cloudfront.net%2Fremote_images%2Fimage%2F5723%2Fsmall%2F63b0ef7755de74914c5a50da256581d0721f73912ee4923b21.jpg&w=3840&q=50",
            "product_url": "https://shop.kimelo.com/sku/cheese-jack-pepper-sliced-8-15-lb-124829/124829",
            "brand": "Cal Premium",
            "page_number": 1,
            "cheese_form": "Sliced Cheese",
            "sku": "124829",
            "upc": "124829",
            "product_info": {
                "case": {
                    "count": "8 Eaches",
                    "volume": "L 1\" x W 1\" x H 1\"",
                    "weight": "1.5 lbs"
                },
                "each": {
                    "count": "1 Item",
                    "volume": "L 1\" x W 1\" x H 1\"",
                    "weight": "0.1875 lbs"
                }
            }
        },
        {
            "cheese_type": "Cheese, Paneer, Gopi, 4/5 Lb",
            "price": "$75.10",
            "price_per_lb": "$3.76/LB",
            "image_url": "https://shop.kimelo.com/_next/image?url=https%3A%2F%2Fd3tlizm80tjdt4.cloudfront.net%2Fremote_images%2Fimage%2F10816%2Fsmall%2F2048920d241626bd3bad46e85780c82aa9ba11b23f92f26222.jpg&w=3840&q=50",
            "product_url": "https://shop.kimelo.com/sku/cheese-paneer-gopi-45-lb/374574",
            "brand": "Gopi",
            "page_number": 1,
            "cheese_form": "Sliced Cheese",
            "sku": "374574",
            "upc": "374574",
            "product_info": {
                "each": {
                    "count": "1 Item",
                    "volume": "L 1\" x W 1\" x H 1\"",
                    "weight": "20 lbs"
                }
            }
        },
        {
            "cheese_type": "Cheese, Cheddar, Mild, Loaf, (8) 5 Lb - 103670",
            "price": "$16.99",
            "price_per_lb": "$3.40/LB",
            "image_url": "https://shop.kimelo.com/_next/image?url=https%3A%2F%2Fd3tlizm80tjdt4.cloudfront.net%2Fimage%2F11595%2Fimage%2Fsm-a149c106d663df481f081d8fa47bcf0f.jpeg&w=3840&q=50",
            "product_url": "https://shop.kimelo.com/sku/cheese-cheddar-mild-loaf-8-5-lb-103670/103670",
            "brand": "Cheswick",
            "page_number": 1,
            "cheese_form": "Cheese Loaf",
            "sku": "103670",
            "upc": "103670",
            "product_info": {
                "case": {
                    "count": "8 Eaches",
                    "volume": "L 1\" x W 1\" x H 1\"",
                    "weight": "5 lbs"
                },
                "each": {
                    "count": "1 Item",
                    "volume": "L 1\" x W 1\" x H 1\"",
                    "weight": "0.625 lbs"
                }
            }
        },
        {
            "cheese_type": "Cheese, Feta, Crumbles, President, 2/5 Lb - 123341",
            "price": "$44.11",
            "price_per_lb": "$4.41/LB",
            "image_url": "https://shop.kimelo.com/_next/image?url=https%3A%2F%2Fd3tlizm80tjdt4.cloudfront.net%2Fimage%2F17447%2Fimage%2Fsm-b7f1d5ebed658c7a48b315af49bb5e0d.png&w=3840&q=50",
            "product_url": "https://shop.kimelo.com/sku/cheese-feta-crumbles-president-25-lb-123341/123341",
            "brand": "President",
            "page_number": 1,
            "cheese_form": "Specialty Cheese",
            "sku": "123341",
            "upc": "123341",
            "product_info": {
                "each": {
                    "count": "1 Item",
                    "volume": "L 1\" x W 1\" x H 1\"",
                    "weight": "10 lbs"
                }
            }
        },
        {
            "cheese_type": "Cheese, Mascarpone, Tub, Belgioioso, (4) 5 Lb - 107599",
            "price": "$29.72",
            "price_per_lb": "$5.94/LB",
            "image_url": "https://shop.kimelo.com/_next/image?url=https%3A%2F%2Fd3tlizm80tjdt4.cloudfront.net%2Fimage%2F17540%2Fimage%2Fsm-c373691cb060f68e4cc8b4904a692eda.png&w=3840&q=50",
            "product_url": "https://shop.kimelo.com/sku/cheese-mascarpone-tub-belgioioso-4-5-lb-107599/107599",
            "brand": "Belgioioso",
            "page_number": 1,
            "cheese_form": "Specialty Cheese",
            "sku": "107599",
            "upc": "107599",
            "product_info": {
                "case": {
                    "count": "4 Eaches",
                    "volume": "L 1\" x W 1\" x H 1\"",
                    "weight": "5 lbs"
                },
                "each": {
                    "count": "1 Item",
                    "volume": "L 1\" x W 1\" x H 1\"",
                    "weight": "1.25 lbs"
                }
            }
        },
        {
            "cheese_type": "Cheese, Gorgonzola, Crumbles, 86464, (2) 5 Lb - 107598",
            "price": "$24.53",
            "price_per_lb": "$4.91/LB",
            "image_url": "https://shop.kimelo.com/_next/image?url=https%3A%2F%2Fd3tlizm80tjdt4.cloudfront.net%2Fimage%2F5982%2Fimage%2Fsm-9aa3ae766c94f5a2fcc8f244a97460de.jpg&w=3840&q=50",
            "product_url": "https://shop.kimelo.com/sku/cheese-gorgonzola-crumbles-86464-2-5-lb-107598/107598",
            "brand": "Belgioioso",
            "page_number": 1,
            "cheese_form": "Crumbled, Cubed, Grated, Shaved",
            "sku": "107598",
            "upc": "107598",
            "product_info": {
                "case": {
                    "count": "2 Eaches",
                    "volume": "L 1\" x W 1\" x H 1\"",
                    "weight": "5 lbs"
                },
                "each": {
                    "count": "1 Item",
                    "volume": "L 1\" x W 1\" x H 1\"",
                    "weight": "2.5 lbs"
                }
            }
        },
        {
            "cheese_type": "Cheese, Mozzarella, Wmlm, Loaf, Professionale, 8/5 Lb 125731",
            "price": "$98.20",
            "price_per_lb": "$2.46/LB",
            "image_url": "https://shop.kimelo.com/_next/image?url=https%3A%2F%2Fd3tlizm80tjdt4.cloudfront.net%2Fremote_images%2Fimage%2F7215%2Fsmall%2F0a7da17fd94fe5c52868137e402c2fb20947dba2f4b452a049.jpg&w=3840&q=50",
            "product_url": "https://shop.kimelo.com/sku/cheese-mozzarella-wmlm-loaf-professionale-85-lb-125731/125731",
            "brand": "Galbani",
            "page_number": 1,
            "cheese_form": "Cheese Loaf",
            "sku": "125731",
            "upc": "125731",
            "product_info": {
                "each": {
                    "count": "1 Item",
                    "volume": "L 1\" x W 1\" x H 1\"",
                    "weight": "40 lbs"
                }
            }
        },
        {
            "cheese_type": "Cheese, Indian Paneer Bulk Fresh Loaf (4) 109240",
            "price": "$20.58",
            "price_per_lb": "$4.12/LB",
            "image_url": "https://shop.kimelo.com/_next/image?url=https%3A%2F%2Fd3tlizm80tjdt4.cloudfront.net%2Fimage%2F14820%2Fimage%2Fsm-d0fbe266cac5dbbfe601de287ad60344.png&w=3840&q=50",
            "product_url": "https://shop.kimelo.com/sku/cheese-indian-paneer-bulk-fresh-loaf-4-109240/109240",
            "brand": "Royal Mahout",
            "page_number": 1,
            "cheese_form": "Specialty Cheese",
            "sku": "109240",
            "upc": "109240",
            "product_info": {
                "case": {
                    "count": "4 Eaches",
                    "volume": "L 1\" x W 1\" x H 1\"",
                    "weight": "5.25 lbs"
                },
                "each": {
                    "count": "1 Item",
                    "volume": "L 1\" x W 1\" x H 1\"",
                    "weight": "1.3125 lbs"
                }
            }
        },
        {
            "cheese_type": "Cheese, Provolone, Sliced, (8) 1.5 Lb - 103601",
            "price": "$6.58",
            "price_per_lb": "$4.39/LB",
            "image_url": "https://shop.kimelo.com/_next/image?url=https%3A%2F%2Fd3tlizm80tjdt4.cloudfront.net%2Fimage%2F8966%2Fimage%2Fsm-0ad8abe6c7be4ec1371aa99b8a1fe80d.jpeg&w=3840&q=50",
            "product_url": "https://shop.kimelo.com/sku/cheese-provolone-sliced-8-15-lb-103601/103601",
            "brand": "California Select Farms",
            "page_number": 1,
            "cheese_form": "Sliced Cheese",
            "sku": "103601",
            "upc": "103601",
            "product_info": {
                "case": {
                    "count": "8 Eaches",
                    "volume": "L 1\" x W 1\" x H 1\"",
                    "weight": "1.5 lbs"
                },
                "each": {
                    "count": "1 Item",
                    "volume": "L 1\" x W 1\" x H 1\"",
                    "weight": "0.1875 lbs"
                }
            }
        },
        {
            "cheese_type": "Cheese, Mozzarella, Fresh, Loaf, Sliced, 6/1 Lb - 123535",
            "price": "$38.68",
            "price_per_lb": "$6.45/LB",
            "image_url": "https://shop.kimelo.com/_next/image?url=https%3A%2F%2Fd3tlizm80tjdt4.cloudfront.net%2Fremote_images%2Fimage%2F1088%2Fsmall%2Fe9d4570a644a2ae0665f696c669bff43b9d6ccd681d0ebc349.jpg&w=3840&q=50",
            "product_url": "https://shop.kimelo.com/sku/cheese-mozzarella-fresh-loaf-sliced-61-lb-123535/123535",
            "brand": "Galbani",
            "page_number": 1,
            "cheese_form": "Cheese Loaf",
            "sku": "123535",
            "upc": "123535",
            "product_info": {
                "each": {
                    "count": "1 Item",
                    "volume": "L 1\" x W 1\" x H 1\"",
                    "weight": "6 lbs"
                }
            }
        },
        {
            "cheese_type": "Cheese, Feta, Rbst Free, Estia, 24 Lb 124006",
            "price": "$110.02",
            "price_per_lb": "$4.58/LB",
            "image_url": "https://shop.kimelo.com/_next/image?url=https%3A%2F%2Fd3tlizm80tjdt4.cloudfront.net%2Fremote_images%2Fimage%2F2271%2Fsmall%2F7de5ff58f2fa420e59ed1a97ee95b035b5f2ecaaba98eada2b.jpg&w=3840&q=50",
            "product_url": "https://shop.kimelo.com/sku/cheese-feta-rbst-free-estia-24-lb-124006/124006",
            "brand": "Estia",
            "page_number": 1,
            "cheese_form": "Specialty Cheese",
            "sku": "124006",
            "upc": "124006",
            "product_info": {
                "each": {
                    "count": "1 Item",
                    "volume": "L 1\" x W 1\" x H 1\"",
                    "weight": "24 lbs"
                }
            }
        },
        {
            "cheese_type": "Cheese, Monterey Jack, Shredded, Fancy, (4) 5 Lb - 108930",
            "price": "$16.26",
            "price_per_lb": "$3.25/LB",
            "image_url": "https://shop.kimelo.com/_next/image?url=https%3A%2F%2Fd3tlizm80tjdt4.cloudfront.net%2Fimage%2F7273%2Fimage%2Fsm-77f3fe57315491b5b760f3c783c2ce89.jpg&w=3840&q=50",
            "product_url": "https://shop.kimelo.com/sku/cheese-monterey-jack-shredded-fancy-4-5-lb-108930/108930",
            "brand": "Cheswick",
            "page_number": 1,
            "cheese_form": "Shredded Cheese",
            "sku": "108930",
            "upc": "108930",
            "product_info": {
                "case": {
                    "count": "4 Eaches",
                    "volume": "L 1\" x W 1\" x H 1\"",
                    "weight": "5 lbs"
                },
                "each": {
                    "count": "1 Item",
                    "volume": "L 1\" x W 1\" x H 1\"",
                    "weight": "1.25 lbs"
                }
            }
        },
        {
            "cheese_type": "Cheese, Monterey Jack, Shredded, Feather, 4/5 Lb 125786",
            "price": "$53.01",
            "price_per_lb": "$2.65/LB",
            "image_url": "https://shop.kimelo.com/_next/image?url=https%3A%2F%2Fd3tlizm80tjdt4.cloudfront.net%2Fremote_images%2Fimage%2F7236%2Fsmall%2Fe06462a3ca2ee281ec7fdc39e2aecc73c78ebcb6f4d822cc2b.jpg&w=3840&q=50",
            "product_url": "https://shop.kimelo.com/sku/cheese-monterey-jack-shredded-feather-45-lb-125786/125786",
            "brand": "Packer",
            "page_number": 1,
            "cheese_form": "Sliced Cheese",
            "sku": "125786",
            "upc": "125786",
            "product_info": {
                "each": {
                    "count": "1 Item",
                    "volume": "L 1\" x W 1\" x H 1\"",
                    "weight": "20 lbs"
                }
            }
        },
        {
            "cheese_type": "Cheese, Swiss, Sliced, (8) 1.5 Lb - 103602",
            "price": "$8.12",
            "price_per_lb": "$5.41/LB",
            "image_url": "https://shop.kimelo.com/_next/image?url=https%3A%2F%2Fd3tlizm80tjdt4.cloudfront.net%2Fimage%2F8967%2Fimage%2Fsm-e52f47ae6c00dd8381ee99b9ffda17dd.jpeg&w=3840&q=50",
            "product_url": "https://shop.kimelo.com/sku/cheese-swiss-sliced-8-15-lb-103602/103602",
            "brand": "California Select Farms",
            "page_number": 1,
            "cheese_form": "Sliced Cheese",
            "sku": "103602",
            "upc": "103602",
            "product_info": {
                "case": {
                    "count": "8 Eaches",
                    "volume": "L 1\" x W 1\" x H 1\"",
                    "weight": "1.5 lbs"
                },
                "each": {
                    "count": "1 Item",
                    "volume": "L 1\" x W 1\" x H 1\"",
                    "weight": "0.1875 lbs"
                }
            }
        },
        {
            "cheese_type": "Cheese, Goat, Chefs, Chevre, Tub, (2) 4 Lb - 103638",
            "price": "$37.66",
            "price_per_lb": "$9.42/LB",
            "image_url": "https://shop.kimelo.com/_next/image?url=https%3A%2F%2Fd3tlizm80tjdt4.cloudfront.net%2Fremote_images%2Fimage%2F7584%2Fsmall%2Fb039cbd43e667de1a64536054485d5b35e81ec59d3181edf0f.jpg&w=3840&q=50",
            "product_url": "https://shop.kimelo.com/sku/cheese-goat-chefs-chevre-tub-2-4-lb-103638/103638",
            "brand": "Laura Chenel",
            "page_number": 1,
            "cheese_form": "Specialty Cheese",
            "sku": "103638",
            "upc": "103638",
            "product_info": {
                "case": {
                    "count": "2 Eaches",
                    "volume": "L 1\" x W 1\" x H 1\"",
                    "weight": "4 lbs"
                },
                "each": {
                    "count": "1 Item",
                    "volume": "L 1\" x W 1\" x H 1\"",
                    "weight": "2 lbs"
                }
            }
        },
        {
            "cheese_type": "Cheese, Goat, Crumbled, 2/2 Lb - 123365",
            "price": "$33.40",
            "price_per_lb": "$8.35/LB",
            "image_url": "https://shop.kimelo.com/_next/image?url=https%3A%2F%2Fd3tlizm80tjdt4.cloudfront.net%2Fremote_images%2Fimage%2F1031%2Fsmall%2F1eadcc43f580efc477560afb62f337d4bfeb222e8f63032220.jpg&w=3840&q=50",
            "product_url": "https://shop.kimelo.com/sku/cheese-goat-crumbled-22-lb-123365/123365",
            "brand": "President",
            "page_number": 2,
            "cheese_form": "Specialty Cheese",
            "sku": "123365",
            "upc": "123365",
            "product_info": {
                "each": {
                    "count": "1 Item",
                    "volume": "L 1\" x W 1\" x H 1\"",
                    "weight": "4 lbs"
                }
            }
        },
        {
            "cheese_type": "Cheese, Cream, Bulk, 30 Lb - 103662",
            "price": "$70.05",
            "price_per_lb": "$2.34/LB",
            "image_url": "https://shop.kimelo.com/_next/image?url=https%3A%2F%2Fd3tlizm80tjdt4.cloudfront.net%2Fremote_images%2Fimage%2F7674%2Fsmall%2Fd6f2f5e1dcdf0874f7bfedc969aead3f8aa0af8033196b2d75.jpg&w=3840&q=50",
            "product_url": "https://shop.kimelo.com/sku/cheese-cream-bulk-30-lb-103662/103662",
            "brand": "Packer",
            "page_number": 2,
            "cheese_form": "Cream Cheese",
            "sku": "103662",
            "upc": "103662",
            "product_info": {
                "each": {
                    "count": "1 Item",
                    "volume": "L 1\" x W 1\" x H 1\"",
                    "weight": "30.98 lbs"
                }
            }
        },
        {
            "cheese_type": "Cheese, Paneer, Gopi, 15/14 Oz 124005",
            "price": "$94.00",
            "price_per_lb": "$7.23/LB",
            "image_url": "https://shop.kimelo.com/_next/image?url=https%3A%2F%2Fd3tlizm80tjdt4.cloudfront.net%2Fremote_images%2Fimage%2F1912%2Fsmall%2Ff31c646bfa3f07281c27762b126aee2f792632f3d44342335b.jpg&w=3840&q=50",
            "product_url": "https://shop.kimelo.com/sku/cheese-paneer-gopi-1514-oz-124005/124005",
            "brand": "Gopi",
            "page_number": 2,
            "cheese_form": "Sliced Cheese",
            "sku": "124005",
            "upc": "124005",
            "product_info": {
                "each": {
                    "count": "1 Item",
                    "volume": "L 1\" x W 1\" x H 1\"",
                    "weight": "13.12 lbs"
                }
            }
        },
        {
            "cheese_type": "Cheese, Swiss, Loaf, Grade A, 8 Lb Avg (6)",
            "price": "$33.60",
            "price_per_lb": "$33.60/LB",
            "image_url": "https://shop.kimelo.com/_next/image?url=https%3A%2F%2Fd3tlizm80tjdt4.cloudfront.net%2Fremote_images%2Fimage%2F8356%2Fsmall%2Faff0b27efbbacc48d63e4ae9d5ec402d6b6afe2ad94847dca5.jpg&w=3840&q=50",
            "product_url": "https://shop.kimelo.com/sku/cheese-swiss-loaf-grade-a-8-lb-avg-6/374191",
            "brand": "Pacific Cheese",
            "page_number": 2,
            "cheese_form": "Sliced Cheese",
            "sku": "374191",
            "upc": "374191",
            "product_info": {
                "case": {
                    "count": "6 Eaches",
                    "volume": "L 1\" x W 1\" x H 1\"",
                    "weight": "48 lbs"
                },
                "each": {
                    "count": "1 Item",
                    "volume": "L 1\" x W 1\" x H 1\"",
                    "weight": "8 lbs"
                }
            }
        },
        {
            "cheese_type": "Cheese, Pepper Jack, Loaf (8) 103672",
            "price": "$17.47",
            "price_per_lb": "$3.49/LB",
            "image_url": "https://shop.kimelo.com/_next/image?url=https%3A%2F%2Fd3tlizm80tjdt4.cloudfront.net%2Fimage%2F15256%2Fimage%2Fsm-6c299387672a8119d43997e98fcbcfc1.png&w=3840&q=50",
            "product_url": "https://shop.kimelo.com/sku/cheese-pepper-jack-loaf-8-103672/103672",
            "brand": "Cheswick",
            "page_number": 2,
            "cheese_form": "Cheese Loaf",
            "sku": "103672",
            "upc": "103672",
            "product_info": {
                "case": {
                    "count": "8 Eaches",
                    "volume": "L 1\" x W 1\" x H 1\"",
                    "weight": "5 lbs"
                },
                "each": {
                    "count": "1 Item",
                    "volume": "L 1\" x W 1\" x H 1\"",
                    "weight": "0.625 lbs"
                }
            }
        },
        {
            "cheese_type": "Cheese, Shredded, Jack & Cheddar Blend, Feather, 4/5 Lb 125787",
            "price": "$55.56",
            "price_per_lb": "$2.78/LB",
            "image_url": "https://shop.kimelo.com/_next/image?url=https%3A%2F%2Fd3tlizm80tjdt4.cloudfront.net%2Fremote_images%2Fimage%2F7242%2Fsmall%2F45efa6a9c307f7f9d844c75f7ef87eab93a985461d20a81030.jpg&w=3840&q=50",
            "product_url": "https://shop.kimelo.com/sku/cheese-shredded-jack-cheddar-blend-feather-45-lb-125787/125787",
            "brand": "Packer",
            "page_number": 2,
            "cheese_form": "Shredded Cheese",
            "sku": "125787",
            "upc": "125787",
            "product_info": {
                "each": {
                    "count": "1 Item",
                    "volume": "L 1\" x W 1\" x H 1\"",
                    "weight": "20 lbs"
                }
            }
        },
        {
            "cheese_type": "Cheese, Queso Fresco, Casero, Bulk 12 Lbs - 112596",
            "price": "$49.39",
            "price_per_lb": "$4.12/LB",
            "image_url": "https://shop.kimelo.com/_next/image?url=https%3A%2F%2Fd3tlizm80tjdt4.cloudfront.net%2Fimage%2F13392%2Fimage%2Fsm-a1beb72594462199dfe813034c8f0f08.png&w=3840&q=50",
            "product_url": "https://shop.kimelo.com/sku/cheese-queso-fresco-casero-bulk-12-lbs-112596/112596",
            "brand": "El Mexicano",
            "page_number": 2,
            "cheese_form": "Specialty Cheese",
            "sku": "112596",
            "upc": "112596",
            "product_info": {
                "each": {
                    "count": "1 Item",
                    "volume": "L 1\" x W 1\" x H 1\"",
                    "weight": "12 lbs"
                }
            }
        },
        {
            "cheese_type": "Cheese, Cheddar, Sharp, White, 10 Lb - 111680",
            "price": "$41.88",
            "price_per_lb": "$4.19/LB",
            "image_url": "https://shop.kimelo.com/_next/image?url=https%3A%2F%2Fd3tlizm80tjdt4.cloudfront.net%2Fimage%2F16001%2Fimage%2Fsm-d62189f66ce8c51c9bbbd406104ca89e.png&w=3840&q=50",
            "product_url": "https://shop.kimelo.com/sku/cheese-cheddar-sharp-white-10-lb-111680/111680",
            "brand": "Hoffman`s",
            "page_number": 2,
            "cheese_form": "Sliced Cheese",
            "sku": "111680",
            "upc": "111680",
            "product_info": {
                "each": {
                    "count": "1 Item",
                    "volume": "L 1\" x W 1\" x H 1\"",
                    "weight": "10 lbs"
                }
            }
        },
        {
            "cheese_type": "Cheese, Mozzarella, Wmlm, Shredded, Red Label, 6/5 Lb 124189",
            "price": "$95.83",
            "price_per_lb": "$3.19/LB",
            "image_url": "https://shop.kimelo.com/_next/image?url=https%3A%2F%2Fd3tlizm80tjdt4.cloudfront.net%2Fremote_images%2Fimage%2F2018%2Fsmall%2Fe6aa96eb9c4f11476e530c078ea7e9331b62c1f1b0bd80fbcd.jpg&w=3840&q=50",
            "product_url": "https://shop.kimelo.com/sku/cheese-mozzarella-wmlm-shredded-red-label-65-lb-124189/124189",
            "brand": "Galbani",
            "page_number": 2,
            "cheese_form": "Specialty Cheese",
            "sku": "124189",
            "upc": "124189",
            "product_info": {
                "each": {
                    "count": "1 Item",
                    "volume": "L 1\" x W 1\" x H 1\"",
                    "weight": "30 lbs"
                }
            }
        },
        {
            "cheese_type": "Cheese, Mozzarella, Lmwm, Cali Gold, Loaf, 8/6 Lb 125724",
            "price": "$104.08",
            "price_per_lb": "$2.17/LB",
            "image_url": "https://shop.kimelo.com/_next/image?url=https%3A%2F%2Fd3tlizm80tjdt4.cloudfront.net%2Fremote_images%2Fimage%2F7214%2Fsmall%2Fe9ab65ec35fd13418c56e43a697f0cd6f2464279cf92c5e10b.jpg&w=3840&q=50",
            "product_url": "https://shop.kimelo.com/sku/cheese-mozzarella-lmwm-cali-gold-loaf-86-lb-125724/125724",
            "brand": "California Gold",
            "page_number": 2,
            "cheese_form": "Cheese Loaf",
            "sku": "125724",
            "upc": "125724",
            "product_info": {
                "each": {
                    "count": "1 Item",
                    "volume": "L 1\" x W 1\" x H 1\"",
                    "weight": "48 lbs"
                }
            }
        },
        {
            "cheese_type": "Cheese, Feta, Bulgarian, In Brine, 1/7 Kg - 106845",
            "price": "$72.00",
            "price_per_lb": "$4.80/LB",
            "image_url": "https://shop.kimelo.com/_next/image?url=https%3A%2F%2Fd3tlizm80tjdt4.cloudfront.net%2Fimage%2F6242%2Fimage%2Fsm-9063431364cbcf7278cdde3f4d5f47fb.jpg&w=3840&q=50",
            "product_url": "https://shop.kimelo.com/sku/cheese-feta-bulgarian-in-brine-17-kg-106845/106845",
            "brand": "Atalanta",
            "page_number": 2,
            "cheese_form": "Specialty Cheese",
            "sku": "106845",
            "upc": "106845",
            "product_info": {
                "each": {
                    "count": "1 Item",
                    "volume": "L 1\" x W 1\" x H 1\"",
                    "weight": "15.43 lbs"
                }
            }
        },
        {
            "cheese_type": "Cheese, Mozzarella, Fresh, Ovoline, Galbani, 2/3 Lb - 123382",
            "price": "$34.67",
            "price_per_lb": "$5.78/LB",
            "image_url": "https://shop.kimelo.com/_next/image?url=https%3A%2F%2Fd3tlizm80tjdt4.cloudfront.net%2Fremote_images%2Fimage%2F1050%2Fsmall%2F4d39f5a7140280525c6242eaa3c6a455f2fea2640ccdf683fe.jpg&w=3840&q=50",
            "product_url": "https://shop.kimelo.com/sku/cheese-mozzarella-fresh-ovoline-galbani-23-lb-123382/123382",
            "brand": "Galbani",
            "page_number": 2,
            "cheese_form": "Specialty Cheese",
            "sku": "123382",
            "upc": "123382",
            "product_info": {
                "each": {
                    "count": "1 Item",
                    "volume": "L 1\" x W 1\" x H 1\"",
                    "weight": "6 lbs"
                }
            }
        },
        {
            "cheese_type": "Cheese, Feta, Sheep/goat, Imported, Ziria, 14 Kg 124111",
            "price": "$166.17",
            "price_per_lb": "$5.36/LB",
            "image_url": "https://shop.kimelo.com/_next/image?url=https%3A%2F%2Fd3tlizm80tjdt4.cloudfront.net%2Fremote_images%2Fimage%2F2224%2Fsmall%2F7cb4d700b40ef33831a2d0c139d2be7237896927905a07bab6.jpg&w=3840&q=50",
            "product_url": "https://shop.kimelo.com/sku/cheese-feta-sheepgoat-imported-ziria-14-kg-124111/124111",
            "brand": "Ziria",
            "page_number": 2,
            "cheese_form": "Specialty Cheese",
            "sku": "124111",
            "upc": "124111",
            "product_info": {
                "each": {
                    "count": "1 Item",
                    "volume": "L 1\" x W 1\" x H 1\"",
                    "weight": "31 lbs"
                }
            }
        },
        {
            "cheese_type": "Cheese, Swiss, Sliced, Processed, 120 Ct, (4) 5 Lb - 100014",
            "price": "$19.47",
            "price_per_lb": "$3.89/LB",
            "image_url": "https://shop.kimelo.com/_next/image?url=https%3A%2F%2Fd3tlizm80tjdt4.cloudfront.net%2Fimage%2F1474%2Fimage%2Fsm-f655d358744b5afb25fbb0300dcbd7e9.jpg&w=3840&q=50",
            "product_url": "https://shop.kimelo.com/sku/cheese-swiss-sliced-processed-120-ct-4-5-lb-100014/100014",
            "brand": "Commodity Cheese",
            "page_number": 2,
            "cheese_form": "Sliced Cheese",
            "sku": "100014",
            "upc": "100014",
            "product_info": {
                "case": {
                    "count": "4 Eaches",
                    "volume": "L 1\" x W 1\" x H 1\"",
                    "weight": "5.14 lbs"
                },
                "each": {
                    "count": "1 Item",
                    "volume": "L 1\" x W 1\" x H 1\"",
                    "weight": "1.285 lbs"
                }
            }
        },
        {
            "cheese_type": "Cheese, Cream Cheese, Philadelphia, Portions, Cups - 111589",
            "price": "$51.49",
            "price_per_lb": "$0.51/CT",
            "image_url": "https://shop.kimelo.com/_next/image?url=https%3A%2F%2Fd3tlizm80tjdt4.cloudfront.net%2Fremote_images%2Fimage%2F9657%2Fsmall%2F5ab654f51d8f2e0ef8a931a3ab768ea564c152a1904483a59b.jpg&w=3840&q=50",
            "product_url": "https://shop.kimelo.com/sku/cheese-cream-cheese-philadelphia-portions-cups-111589/41530",
            "brand": "Kraft",
            "page_number": 2,
            "cheese_form": "Cream Cheese",
            "sku": "41530",
            "upc": "41530",
            "product_info": {
                "each": {
                    "count": "1 Item",
                    "volume": "L 1\" x W 1\" x H 1\"",
                    "weight": "6.25 lbs"
                }
            }
        },
        {
            "cheese_type": "Cheese, Mozzarella, Pslm, Cali Gold, Loaf, 8/6 Lb 125986",
            "price": "$100.16",
            "price_per_lb": "$2.09/LB",
            "image_url": "https://shop.kimelo.com/_next/image?url=https%3A%2F%2Fd3tlizm80tjdt4.cloudfront.net%2Fremote_images%2Fimage%2F7730%2Fsmall%2F66c3c8d496d6f67e6986f5b051fc2aa6406223c1602f88978c.jpg&w=3840&q=50",
            "product_url": "https://shop.kimelo.com/sku/cheese-mozzarella-pslm-cali-gold-loaf-86-lb-125986/125986",
            "brand": "California Gold",
            "page_number": 2,
            "cheese_form": "Specialty Cheese",
            "sku": "125986",
            "upc": "125986",
            "product_info": {
                "each": {
                    "count": "1 Item",
                    "volume": "L 1\" x W 1\" x H 1\"",
                    "weight": "48 lbs"
                }
            }
        },
        {
            "cheese_type": "Cheese, Parmesan, Wheel, Usa, 20 Lb Avg - 112306",
            "price": "$111.67",
            "price_per_lb": "$5.58/LB",
            "image_url": "https://shop.kimelo.com/_next/image?url=https%3A%2F%2Fd3tlizm80tjdt4.cloudfront.net%2Fimage%2F12274%2Fimage%2Fsm-64a4aa1bc8ce6d4a0e316c4b84cca0b9.png&w=3840&q=50",
            "product_url": "https://shop.kimelo.com/sku/cheese-parmesan-wheel-usa-20-lb-avg-112306/112306",
            "brand": "Galbani",
            "page_number": 2,
            "cheese_form": "Cheese Wheel",
            "sku": "112306",
            "upc": "112306",
            "product_info": {
                "each": {
                    "count": "1 Item",
                    "volume": "L 1\" x W 1\" x H 1\"",
                    "weight": "20 lbs"
                }
            }
        },
        {
            "cheese_type": "Cheese, Halloumi, Tradition, Greek, Import, 40/8.8 Oz 124144",
            "price": "$197.35",
            "price_per_lb": "$8.97/LB",
            "image_url": "https://shop.kimelo.com/_next/image?url=https%3A%2F%2Fd3tlizm80tjdt4.cloudfront.net%2Fremote_images%2Fimage%2F1998%2Fsmall%2F92cb453b056d15b02a89fefb67e39797fc58b0a4398a29b53f.jpg&w=3840&q=50",
            "product_url": "https://shop.kimelo.com/sku/cheese-halloumi-tradition-greek-import-4088-oz-124144/124144",
            "brand": "Alambra",
            "page_number": 2,
            "cheese_form": "Sliced Cheese",
            "sku": "124144",
            "upc": "124144",
            "product_info": {
                "each": {
                    "count": "1 Item",
                    "volume": "L 1\" x W 1\" x H 1\"",
                    "weight": "20 lbs"
                }
            }
        },
        {
            "cheese_type": "Cheese, Feta, In Brine, Pail, (2) 8 Lb 124284",
            "price": "$29.44",
            "price_per_lb": "$3.68/LB",
            "image_url": "https://shop.kimelo.com/_next/image?url=https%3A%2F%2Fd3tlizm80tjdt4.cloudfront.net%2Fremote_images%2Fimage%2F7673%2Fsmall%2F0b979f0fa945c83473934cf317ee8339e16a68ae1af19108f3.jpg&w=3840&q=50",
            "product_url": "https://shop.kimelo.com/sku/cheese-feta-in-brine-pail-2-8-lb-124284/124284",
            "brand": "Cucina",
            "page_number": 2,
            "cheese_form": "Specialty Cheese",
            "sku": "124284",
            "upc": "124284",
            "product_info": {
                "case": {
                    "count": "2 Eaches",
                    "volume": "L 1\" x W 1\" x H 1\"",
                    "weight": "8 lbs"
                },
                "each": {
                    "count": "1 Item",
                    "volume": "L 1\" x W 1\" x H 1\"",
                    "weight": "4 lbs"
                }
            }
        },
        {
            "cheese_type": "Cheese, Cheddar, Sharp, Slcd, Interleaf, 0.75 Oz, (8) 103603",
            "price": "$9.56",
            "price_per_lb": "$6.37/LB",
            "image_url": "https://shop.kimelo.com/_next/image?url=https%3A%2F%2Fd3tlizm80tjdt4.cloudfront.net%2Fimage%2F10347%2Fimage%2Fsm-e678c1718263a65a402310e22e32ac8a.jpg&w=3840&q=50",
            "product_url": "https://shop.kimelo.com/sku/cheese-cheddar-sharp-slcd-interleaf-075-oz-8-103603/103603",
            "brand": "California Select Farms",
            "page_number": 2,
            "cheese_form": "Sliced Cheese",
            "sku": "103603",
            "upc": "103603",
            "product_info": {
                "case": {
                    "count": "8 Eaches",
                    "volume": "L 1\" x W 1\" x H 1\"",
                    "weight": "1.5 lbs"
                },
                "each": {
                    "count": "1 Item",
                    "volume": "L 1\" x W 1\" x H 1\"",
                    "weight": "0.1875 lbs"
                }
            }
        },
        {
            "cheese_type": "Cheese, Monterey Jack, Sliced, (8) 1.5 Lb - 103599",
            "price": "$5.97",
            "price_per_lb": "$3.98/LB",
            "image_url": "https://shop.kimelo.com/_next/image?url=https%3A%2F%2Fd3tlizm80tjdt4.cloudfront.net%2Fimage%2F9201%2Fimage%2Fsm-4b09eacd768b0bf3bc71bca949fe2915.jpg&w=3840&q=50",
            "product_url": "https://shop.kimelo.com/sku/cheese-monterey-jack-sliced-8-15-lb-103599/103599",
            "brand": "Cheese Crafters",
            "page_number": 2,
            "cheese_form": "Sliced Cheese",
            "sku": "103599",
            "upc": "103599",
            "product_info": {
                "case": {
                    "count": "8 Eaches",
                    "volume": "L 1\" x W 1\" x H 1\"",
                    "weight": "1.5 lbs"
                },
                "each": {
                    "count": "1 Item",
                    "volume": "L 1\" x W 1\" x H 1\"",
                    "weight": "0.1875 lbs"
                }
            }
        },
        {
            "cheese_type": "Cheese, Gruyere, Imported, Loaf, (2) 5 Lb - 108978",
            "price": "$67.30",
            "price_per_lb": "$13.46/LB",
            "image_url": "https://shop.kimelo.com/_next/image?url=https%3A%2F%2Fd3tlizm80tjdt4.cloudfront.net%2Fimage%2F7423%2Fimage%2Fsm-05cc51bafdb84958b8c527b8a3a8fecb.jpg&w=3840&q=50",
            "product_url": "https://shop.kimelo.com/sku/cheese-gruyere-imported-loaf-2-5-lb-108978/108978",
            "brand": "Packer",
            "page_number": 2,
            "cheese_form": "Cheese Loaf",
            "sku": "108978",
            "upc": "108978",
            "product_info": {
                "case": {
                    "count": "2 Eaches",
                    "volume": "L 1\" x W 1\" x H 1\"",
                    "weight": "5 lbs"
                },
                "each": {
                    "count": "1 Item",
                    "volume": "L 1\" x W 1\" x H 1\"",
                    "weight": "2.5 lbs"
                }
            }
        },
        {
            "cheese_type": "Cheese, Saganaki, Hard, Greek, Import, 7 Lb Avg (6) 125801",
            "price": "$68.53",
            "price_per_lb": "$68.53/LB",
            "image_url": "https://shop.kimelo.com/_next/image?url=https%3A%2F%2Fd3tlizm80tjdt4.cloudfront.net%2Fremote_images%2Fimage%2F8993%2Fsmall%2Fe5e6885ff13c2fe97bc05df189a3c03c0339d2260d615749a9.jpg&w=3840&q=50",
            "product_url": "https://shop.kimelo.com/sku/cheese-saganaki-hard-greek-import-7-lb-avg-6-125801/373628",
            "brand": "Metsobo A.e.",
            "page_number": 2,
            "cheese_form": "Sliced Cheese",
            "sku": "373628",
            "upc": "373628",
            "product_info": {
                "case": {
                    "count": "6 Eaches",
                    "volume": "L 1\" x W 1\" x H 1\"",
                    "weight": "42 lbs"
                },
                "each": {
                    "count": "1 Item",
                    "volume": "L 1\" x W 1\" x H 1\"",
                    "weight": "7 lbs"
                }
            }
        },
        {
            "cheese_type": "Cheese, Blend, Mozz, Wm & Ps, Premio Shred, 6/5 Lb - 112492",
            "price": "$101.51",
            "price_per_lb": "$3.38/LB",
            "image_url": "https://shop.kimelo.com/_next/image?url=https%3A%2F%2Fd3tlizm80tjdt4.cloudfront.net%2Fimage%2F13860%2Fimage%2Fsm-1505a5e7aa7570e69e7ca77cf4c49a97.png&w=3840&q=50",
            "product_url": "https://shop.kimelo.com/sku/cheese-blend-mozz-wm-ps-premio-shred-65-lb-112492/112492",
            "brand": "Galbani Premio",
            "page_number": 3,
            "cheese_form": "Shredded Cheese",
            "sku": "112492",
            "upc": "112492",
            "product_info": {
                "each": {
                    "count": "1 Item",
                    "volume": "L 1\" x W 1\" x H 1\"",
                    "weight": "30 lbs"
                }
            }
        },
        {
            "cheese_type": "Cheese, Cream, Loaf, 10/3 Lb - 112699",
            "price": "$85.56",
            "price_per_lb": "$2.85/LB",
            "image_url": "https://shop.kimelo.com/_next/image?url=https%3A%2F%2Fd3tlizm80tjdt4.cloudfront.net%2Fimage%2F13945%2Fimage%2Fsm-beec542c40fb4977939baab11abd9a9c.png&w=3840&q=50",
            "product_url": "https://shop.kimelo.com/sku/cheese-cream-loaf-103-lb-112699/112699",
            "brand": "Raskas",
            "page_number": 3,
            "cheese_form": "Cheese Loaf",
            "sku": "112699",
            "upc": "112699",
            "product_info": {
                "each": {
                    "count": "1 Item",
                    "volume": "L 1\" x W 1\" x H 1\"",
                    "weight": "30 lbs"
                }
            }
        },
        {
            "cheese_type": "Cheese, Kefalotyri, Hard, Wheel, Greek, Import, 18 Lb Avg 124125",
            "price": "$156.06",
            "price_per_lb": "$8.67/LB",
            "image_url": "https://shop.kimelo.com/_next/image?url=https%3A%2F%2Fd3tlizm80tjdt4.cloudfront.net%2Fremote_images%2Fimage%2F2228%2Fsmall%2Ff9ce4763fea7376f93257d4fc25b186ab2c423231574348ceb.jpg&w=3840&q=50",
            "product_url": "https://shop.kimelo.com/sku/cheese-kefalotyri-hard-wheel-greek-import-18-lb-avg-124125/124125",
            "brand": "Metsobo A.e.",
            "page_number": 3,
            "cheese_form": "Sliced Cheese",
            "sku": "124125",
            "upc": "124125",
            "product_info": {
                "each": {
                    "count": "1 Item",
                    "volume": "L 1\" x W 1\" x H 1\"",
                    "weight": "18 lbs"
                }
            }
        },
        {
            "cheese_type": "Cheese, Monterey Jack, Loaf, (2) 5 Lb - 107600",
            "price": "$18.45",
            "price_per_lb": "$3.69/LB",
            "image_url": "https://shop.kimelo.com/_next/image?url=https%3A%2F%2Fd3tlizm80tjdt4.cloudfront.net%2Fimage%2F5981%2Fimage%2Fsm-8006f8100c50aee751d5e74b228445bf.jpg&w=3840&q=50",
            "product_url": "https://shop.kimelo.com/sku/cheese-monterey-jack-loaf-2-5-lb-107600/107600",
            "brand": "Packer",
            "page_number": 3,
            "cheese_form": "Cheese Loaf",
            "sku": "107600",
            "upc": "107600",
            "product_info": {
                "case": {
                    "count": "2 Eaches",
                    "volume": "L 1\" x W 1\" x H 1\"",
                    "weight": "5 lbs"
                },
                "each": {
                    "count": "1 Item",
                    "volume": "L 1\" x W 1\" x H 1\"",
                    "weight": "2.5 lbs"
                }
            }
        },
        {
            "cheese_type": "Cheese, Asiago, Shredded, (6) 5 Lb - 111711",
            "price": "$26.06",
            "price_per_lb": "$5.21/LB",
            "image_url": "https://shop.kimelo.com/_next/image?url=https%3A%2F%2Fd3tlizm80tjdt4.cloudfront.net%2Fimage%2F11540%2Fimage%2Fsm-dc389e1a3b99419ba379e3fb3916db94.png&w=3840&q=50",
            "product_url": "https://shop.kimelo.com/sku/cheese-asiago-shredded-6-5-lb-111711/111711",
            "brand": "Galbani",
            "page_number": 3,
            "cheese_form": "Shredded Cheese",
            "sku": "111711",
            "upc": "111711",
            "product_info": {
                "case": {
                    "count": "6 Eaches",
                    "volume": "L 1\" x W 1\" x H 1\"",
                    "weight": "5 lbs"
                },
                "each": {
                    "count": "1 Item",
                    "volume": "L 1\" x W 1\" x H 1\"",
                    "weight": "0.833333 lbs"
                }
            }
        },
        {
            "cheese_type": "Cheese, Monterey Jack, Block, 40 Lb Avg - 103562",
            "price": "$112.00",
            "price_per_lb": "$2.80/LB",
            "image_url": "https://shop.kimelo.com/_next/image?url=https%3A%2F%2Fd3tlizm80tjdt4.cloudfront.net%2Fimage%2F11519%2Fimage%2Fsm-6f1eb10583921d3db8a9df08b378c1bd.jpeg&w=3840&q=50",
            "product_url": "https://shop.kimelo.com/sku/cheese-monterey-jack-block-40-lb-avg-103562/103562",
            "brand": "Packer",
            "page_number": 3,
            "cheese_form": "Sliced Cheese",
            "sku": "103562",
            "upc": "103562",
            "product_info": {
                "each": {
                    "count": "1 Item",
                    "volume": "L 1\" x W 1\" x H 1\"",
                    "weight": "40 lbs"
                }
            }
        },
        {
            "cheese_type": "Cheese, Cheddar, Medium, Loaf, (2) 5lb - 106815",
            "price": "$30.08",
            "price_per_lb": "$6.02/LB",
            "image_url": "https://shop.kimelo.com/_next/image?url=https%3A%2F%2Fd3tlizm80tjdt4.cloudfront.net%2Fimage%2F2254%2Fimage%2Fsm-cd0c941b11ba4b342c17c421fe3e4d95.jpeg&w=3840&q=50",
            "product_url": "https://shop.kimelo.com/sku/cheese-cheddar-medium-loaf-2-5lb-106815/106815",
            "brand": "Tillamook",
            "page_number": 3,
            "cheese_form": "Cheese Loaf",
            "sku": "106815",
            "upc": "106815",
            "product_info": {
                "case": {
                    "count": "2 Eaches",
                    "volume": "L 1\" x W 1\" x H 1\"",
                    "weight": "5 lbs"
                },
                "each": {
                    "count": "1 Item",
                    "volume": "L 1\" x W 1\" x H 1\"",
                    "weight": "2.5 lbs"
                }
            }
        },
        {
            "cheese_type": "Cheese, Cream, Bulk, Frozen, 30 Lb",
            "price": "$44.92",
            "price_per_lb": "$1.50/LB",
            "image_url": "https://shop.kimelo.com/_next/image?url=https%3A%2F%2Fd3tlizm80tjdt4.cloudfront.net%2Fremote_images%2Fimage%2F9503%2Fsmall%2Fc20e0679de38f6e24091a6d1a19b28f6ec8d244a5fb5adbe48.jpg&w=3840&q=50",
            "product_url": "https://shop.kimelo.com/sku/cheese-cream-bulk-frozen-30-lb/374448",
            "brand": "Packer",
            "page_number": 3,
            "cheese_form": "Cream Cheese",
            "sku": "374448",
            "upc": "374448",
            "product_info": {
                "each": {
                    "count": "1 Item",
                    "volume": "L 1\" x W 1\" x H 1\"",
                    "weight": "30 lbs"
                }
            }
        },
        {
            "cheese_type": "Cheese, Mozzarella, Fresh, Loaf, Thin Slice, 6/1 Lb - 112545",
            "price": "$34.55",
            "price_per_lb": "$5.76/LB",
            "image_url": "https://shop.kimelo.com/_next/image?url=https%3A%2F%2Fd3tlizm80tjdt4.cloudfront.net%2Fimage%2F13746%2Fimage%2Fsm-6e810ecb0cadc532f8c04cabb747fdf2.png&w=3840&q=50",
            "product_url": "https://shop.kimelo.com/sku/cheese-mozzarella-fresh-loaf-thin-slice-61-lb-112545/112545",
            "brand": "Galbani",
            "page_number": 3,
            "cheese_form": "Cheese Loaf",
            "sku": "112545",
            "upc": "112545",
            "product_info": {
                "each": {
                    "count": "1 Item",
                    "volume": "L 1\" x W 1\" x H 1\"",
                    "weight": "6 lbs"
                }
            }
        },
        {
            "cheese_type": "Cheese, Feta, French, Pail, Valbreso, 18 Lb Avg - 123797",
            "price": "$125.10",
            "price_per_lb": "$6.95/LB",
            "image_url": "https://shop.kimelo.com/_next/image?url=https%3A%2F%2Fd3tlizm80tjdt4.cloudfront.net%2Fimage%2F17988%2Fimage%2Fsm-82414835d395197c5f8390f295a0f0fe.jpg&w=3840&q=50",
            "product_url": "https://shop.kimelo.com/sku/cheese-feta-french-pail-valbreso-18-lb-avg-123797/123797",
            "brand": "Valbreso",
            "page_number": 3,
            "cheese_form": "Specialty Cheese",
            "sku": "123797",
            "upc": "123797",
            "product_info": {
                "each": {
                    "count": "1 Item",
                    "volume": "L 1\" x W 1\" x H 1\"",
                    "weight": "18 lbs"
                }
            }
        },
        {
            "cheese_type": "Cheese, Cream Cheese, Whipped Tub, Philadelphia (6) 377753 - Sku 172026",
            "price": "$21.68",
            "price_per_lb": "$7.23/LB",
            "image_url": "https://shop.kimelo.com/_next/image?url=https%3A%2F%2Fd3tlizm80tjdt4.cloudfront.net%2Fremote_images%2Fimage%2F14101%2Fsmall%2F59becfe7880750956b1c39a81e7f2bfef3437a4b464a2f5a69.jpg&w=3840&q=50",
            "product_url": "https://shop.kimelo.com/sku/cheese-cream-cheese-whipped-tub-philadelphia-6-377753-sku-172026/172026",
            "brand": "Kraft",
            "page_number": 3,
            "cheese_form": "Cream Cheese",
            "sku": "172026",
            "upc": "172026",
            "product_info": {
                "case": {
                    "count": "6 Eaches",
                    "volume": "L 1\" x W 1\" x H 1\"",
                    "weight": "18 lbs"
                },
                "each": {
                    "count": "1 Item",
                    "volume": "L 1\" x W 1\" x H 1\"",
                    "weight": "3 lbs"
                }
            }
        },
        {
            "cheese_type": "Cheese, 5 Blend, Moz Wmlm/lmps/prov/parm/roma, 6/5 Lb - 123784",
            "price": "$96.18",
            "price_per_lb": "$3.21/LB",
            "image_url": "https://shop.kimelo.com/_next/image?url=https%3A%2F%2Fd3tlizm80tjdt4.cloudfront.net%2Fremote_images%2Fimage%2F7464%2Fsmall%2F4c120c44089fd73a9dc6802b21106ba43711bda636e75afc96.jpg&w=3840&q=50",
            "product_url": "https://shop.kimelo.com/sku/cheese-5-blend-moz-wmlmlmpsprovparmroma-65-lb-123784/123784",
            "brand": "Galbani",
            "page_number": 3,
            "cheese_form": "Shredded Cheese",
            "sku": "123784",
            "upc": "123784",
            "product_info": {
                "each": {
                    "count": "1 Item",
                    "volume": "L 1\" x W 1\" x H 1\"",
                    "weight": "30 lbs"
                }
            }
        },
        {
            "cheese_type": "Cheese, Mozzarella, Lmps, Loaf, Premio, 8/5 Lb",
            "price": "$102.95",
            "price_per_lb": "$12.87/LOAF",
            "image_url": "https://shop.kimelo.com/_next/image?url=https%3A%2F%2Fd3tlizm80tjdt4.cloudfront.net%2Fremote_images%2Fimage%2F8358%2Fsmall%2Fb2822f77cb40a483ec292d837dbfcea6b8be7f2e39cc90e6ca.jpg&w=3840&q=50",
            "product_url": "https://shop.kimelo.com/sku/cheese-mozzarella-lmps-loaf-premio-85-lb/374193",
            "brand": "Galbani Premio",
            "page_number": 3,
            "cheese_form": "Specialty Cheese",
            "sku": "374193",
            "upc": "374193",
            "product_info": {
                "each": {
                    "count": "1 Item",
                    "volume": "L 1\" x W 1\" x H 1\"",
                    "weight": "40 lbs"
                }
            }
        },
        {
            "cheese_type": "Cheese, Mozzarella, Wmlm, Loaf, Premio, 8/5 Lb",
            "price": "$108.52",
            "price_per_lb": "$10.85/LOAF",
            "image_url": "https://shop.kimelo.com/_next/image?url=https%3A%2F%2Fd3tlizm80tjdt4.cloudfront.net%2Fremote_images%2Fimage%2F8390%2Fsmall%2F53b845e1fb7106fdd945620096b458f0828fadee1fe5d5d0e8.jpg&w=3840&q=50",
            "product_url": "https://shop.kimelo.com/sku/cheese-mozzarella-wmlm-loaf-premio-85-lb/374196",
            "brand": "Galbani Premio",
            "page_number": 3,
            "cheese_form": "Specialty Cheese",
            "sku": "374196",
            "upc": "374196",
            "product_info": {
                "each": {
                    "count": "1 Item",
                    "volume": "L 1\" x W 1\" x H 1\"",
                    "weight": "40 lbs"
                }
            }
        },
        {
            "cheese_type": "Cheese, Pepperjack, Feather Shred, 4/5 Lb - 123794",
            "price": "$65.72",
            "price_per_lb": "$3.29/LB",
            "image_url": "https://shop.kimelo.com/_next/image?url=https%3A%2F%2Fd3tlizm80tjdt4.cloudfront.net%2Fimage%2F17990%2Fimage%2Fsm-83f15352ef57aee10ecf9f5eacd4c835.png&w=3840&q=50",
            "product_url": "https://shop.kimelo.com/sku/cheese-pepperjack-feather-shred-45-lb-123794/123794",
            "brand": "Cheswick",
            "page_number": 3,
            "cheese_form": "Shredded Cheese",
            "sku": "123794",
            "upc": "123794",
            "product_info": {
                "each": {
                    "count": "1 Item",
                    "volume": "L 1\" x W 1\" x H 1\"",
                    "weight": "20 lbs"
                }
            }
        },
        {
            "cheese_type": "Cheese, Mozzarella, Frozen, Ovoline, Galbani, 2/3 Lb",
            "price": "$14.64",
            "price_per_lb": "$2.44/LB",
            "image_url": "https://shop.kimelo.com/_next/image?url=https%3A%2F%2Fd3tlizm80tjdt4.cloudfront.net%2Fremote_images%2Fimage%2F10806%2Fsmall%2F080a48a561d13a90309f06536874d86ca67cf124dc3961482d.jpg&w=3840&q=50",
            "product_url": "https://shop.kimelo.com/sku/cheese-mozzarella-frozen-ovoline-galbani-23-lb/374567",
            "brand": "Galbani",
            "page_number": 3,
            "cheese_form": "Specialty Cheese",
            "sku": "374567",
            "upc": "374567",
            "product_info": {
                "each": {
                    "count": "1 Item",
                    "volume": "L 1\" x W 1\" x H 1\"",
                    "weight": "6 lbs"
                }
            }
        },
        {
            "cheese_type": "Cheese, Muenster, Loaf (6) 5 Lbs,sku 172091",
            "price": "$32.90",
            "price_per_lb": "$32.90/LB",
            "image_url": "https://shop.kimelo.com/_next/image?url=https%3A%2F%2Fd3tlizm80tjdt4.cloudfront.net%2Fremote_images%2Fimage%2F14165%2Fsmall%2F0158d18ec81507169591cc645a9fff7c6f09c04889186230a6.jpg&w=3840&q=50",
            "product_url": "https://shop.kimelo.com/sku/cheese-muenster-loaf-6-5-lbssku-172091/172091",
            "brand": "Packer",
            "page_number": 3,
            "cheese_form": "Specialty Cheese",
            "sku": "172091",
            "upc": "172091",
            "product_info": {
                "case": {
                    "count": "6 Eaches",
                    "volume": "L 1\" x W 1\" x H 1\"",
                    "weight": "30 lbs"
                },
                "each": {
                    "count": "1 Item",
                    "volume": "L 1\" x W 1\" x H 1\"",
                    "weight": "5 lbs"
                }
            }
        },
        {
            "cheese_type": "Cheese, Pecorino, Romano, 14 Lb 124109",
            "price": "$71.25",
            "price_per_lb": "$5.09/LB",
            "image_url": "https://shop.kimelo.com/_next/image?url=https%3A%2F%2Fd3tlizm80tjdt4.cloudfront.net%2Fremote_images%2Fimage%2F7585%2Fsmall%2F6fdb15f3fb9a8218f44f4394daed962b794d29364f31ec757a.jpg&w=3840&q=50",
            "product_url": "https://shop.kimelo.com/sku/cheese-pecorino-romano-14-lb-124109/124109",
            "brand": "Zerto",
            "page_number": 3,
            "cheese_form": "Sliced Cheese",
            "sku": "124109",
            "upc": "124109",
            "product_info": {
                "each": {
                    "count": "1 Item",
                    "volume": "L 1\" x W 1\" x H 1\"",
                    "weight": "14 lbs"
                }
            }
        },
        {
            "cheese_type": "Cheese, Cheddar, Sharp White, 100/0.75 Oz Oz Tillamook 613897, Sku 172111",
            "price": "$49.80",
            "price_per_lb": "$0.50/CT",
            "image_url": "https://shop.kimelo.com/_next/image?url=https%3A%2F%2Fd3tlizm80tjdt4.cloudfront.net%2Fremote_images%2Fimage%2F14324%2Fsmall%2F5211137065f5e986902c6a62fa4eb3f764ed76d03efbf7a3b2.jpg&w=3840&q=50",
            "product_url": "https://shop.kimelo.com/sku/cheese-cheddar-sharp-white-100075-oz-oz-tillamook-613897-sku-172111/172111",
            "brand": "Tillamook",
            "page_number": 3,
            "cheese_form": "Sliced Cheese",
            "sku": "172111",
            "upc": "172111",
            "product_info": {
                "each": {
                    "count": "1 Item",
                    "volume": "L 1\" x W 1\" x H 1\"",
                    "weight": "4.69 lbs"
                }
            }
        },
        {
            "cheese_type": "Cheese, Mini, Babybel (red Wrap) 72/0.75 Oz, Sku 172119",
            "price": "$51.29",
            "price_per_lb": "$0.71/CT",
            "image_url": "https://shop.kimelo.com/_next/image?url=https%3A%2F%2Fd3tlizm80tjdt4.cloudfront.net%2Fremote_images%2Fimage%2F15042%2Fsmall%2F4752a482739aa892814722431a3b0e1a4930af59437ce4920d.jpg&w=3840&q=50",
            "product_url": "https://shop.kimelo.com/sku/cheese-mini-babybel-red-wrap-72075-oz-sku-172119/172119",
            "brand": "Laughing Cow",
            "page_number": 3,
            "cheese_form": "Specialty Cheese",
            "sku": "172119",
            "upc": "172119",
            "product_info": {
                "each": {
                    "count": "1 Item",
                    "volume": "L 1\" x W 1\" x H 1\"",
                    "weight": "4 lbs"
                }
            }
        },
        {
            "cheese_type": "Cottage Cheese, Classic, Organic 12/5 Oz, 84778, Sku 172052",
            "price": "$39.93",
            "price_per_lb": "$3.33/CT",
            "image_url": "https://shop.kimelo.com/_next/image?url=https%3A%2F%2Fd3tlizm80tjdt4.cloudfront.net%2Fremote_images%2Fimage%2F14127%2Fsmall%2F8d497ba0b199b319f4f58febfebec4619b58c4763daff721fd.jpg&w=3840&q=50",
            "product_url": "https://shop.kimelo.com/sku/cottage-cheese-classic-organic-125-oz-84778-sku-172052/172052",
            "brand": "Good Culture",
            "page_number": 3,
            "cheese_form": "Cottage Cheese",
            "sku": "172052",
            "upc": "172052",
            "product_info": {
                "each": {
                    "count": "1 Item",
                    "volume": "L 1\" x W 1\" x H 1\"",
                    "weight": "3.75 lbs"
                }
            }
        },
        {
            "cheese_type": "Cheese, Stringles String Mozzarella, Organic 24/1 Oz Ct , 10278 - Sku 172034",
            "price": "$20.65",
            "price_per_lb": "$0.86/CT",
            "image_url": "https://shop.kimelo.com/_next/image?url=https%3A%2F%2Fd3tlizm80tjdt4.cloudfront.net%2Fremote_images%2Fimage%2F14108%2Fsmall%2Fd36c33635977c041d652f1f7a3af8c01abffa2f2456ec7c315.jpg&w=3840&q=50",
            "product_url": "https://shop.kimelo.com/sku/cheese-stringles-string-mozzarella-organic-241-oz-ct-10278-sku-172034/172034",
            "brand": "Organic Valley",
            "page_number": 3,
            "cheese_form": "Specialty Cheese",
            "sku": "172034",
            "upc": "172034",
            "product_info": {
                "each": {
                    "count": "1 Item",
                    "volume": "L 1\" x W 1\" x H 1\"",
                    "weight": "1.5 lbs"
                }
            }
        },
        {
            "cheese_type": "Cheese, Manouri, Log, Greek, Imported, 4/5 Lb 125736",
            "price": "$139.32",
            "price_per_lb": "$6.97/LB",
            "image_url": "https://shop.kimelo.com/_next/image?url=https%3A%2F%2Fd3tlizm80tjdt4.cloudfront.net%2Fremote_images%2Fimage%2F7223%2Fsmall%2F10d8ce04c768520771ad150340f03f5d6e9d96b8f373592dd4.jpg&w=3840&q=50",
            "product_url": "https://shop.kimelo.com/sku/cheese-manouri-log-greek-imported-45-lb-125736/125736",
            "brand": "Krinos",
            "page_number": 4,
            "cheese_form": "Sliced Cheese",
            "sku": "125736",
            "upc": "125736",
            "product_info": {
                "each": {
                    "count": "1 Item",
                    "volume": "L 1\" x W 1\" x H 1\"",
                    "weight": "20 lbs"
                }
            }
        }
    ]
}