[
  {
    "description": "This image showcases North Beach's shredded mozzarella cheese, specifically the \"Wmlm Feather Shred\" variety. The cheese exhibits a fine, delicate shredded form, with thin, feather-like strands that are uniformly cut, suggesting easy melting and seamless blending into dishes.\n\n**Appearance:**  \nThe cheese has a pristine white color typical of high-quality mozzarella, indicating freshness and a mild, creamy base. The fine shredded texture suggests it will melt evenly without clumping, making it ideal for various culinary uses.\n\n**Texture & Characteristics:**  \nMozzarella in shredded form often retains a soft and pliable texture before melting. This shredded mozzarella likely offers a smooth, creamy mouthfeel once heated, providing excellent stretch and meltability. Perfect for achieving that classic gooey texture on pizzas, casseroles, pastas, and baked dishes.\n\n**Origin & Brand:**  \nProduced by North Beach, a brand that is known for specialty cheeses, this mozzarella is classified as specialty cheese, indicating attention to quality and usage that may cater to both professional chefs and home cooks looking for superior performance.\n\n**Typical Uses:**  \nThis shredded mozzarella is versatile and ideal for:\n- Pizza toppings where an even melt and stretchy texture are desired  \n- Baked pasta dishes like lasagna or stuffed shells  \n- Salads or cold dishes that use fresh mozzarella (though shredded form is more common for hot dishes)  \n- Casseroles and gratins to provide a golden, bubbly cheese crust  \n\nOverall, North Beach's shredded mozzarella offers a premium",
    "image_url": "https://shop.kimelo.com/_next/image?url=https%3A%2F%2Fd3tlizm80tjdt4.cloudfront.net%2Fremote_images%2Fimage%2F2114%2Fsmall%2Fb41784f854f03efedc29d73d0a248d0dac389d704b7101205d.jpg&w=3840&q=50",
    "metadata": {
      "cheese_type": "Cheese, Mozzarella, Wmlm, Feather Shred, Nb, 4/5 Lb - 124254",
      "source_url": "https://shop.kimelo.com/sku/cheese-mozzarella-wmlm-feather-shred-nb-45-lb-124254/124254",
      "brand": "North Beach",
      "cheese_form": "Specialty Cheese",
      "sku": 124254,
      "upc": 124254,
      "price_per_lb": 2.7,
      "price_each": 53.98,
      "lb_per_each": 19.99,
      "case": "No"
    },
    "id": "2223238848da7cf867eabc34cceb7396",
    "processed_at": "2025-05-08T14:47:13.535780"
  },
  {
    "description": "This product is Schreiber American Cheese, a widely recognized and popular processed cheese known for its smooth texture and mild flavor. The cheese is packaged as 120 individual slices, neatly stacked and uniformly cut for convenience. Each slice boasts a vibrant yellow color, characteristic of classic American cheese, which adds an appealing visual element to sandwiches, burgers, and other dishes.\n\nThe cheese is pasteurized process American cheese, ensuring a consistent melting quality that is creamy, smooth, and perfect for cooking or snacking. Its texture is soft yet firm enough to hold shape, making it ideal for layering in sandwiches or melting evenly over hot foods. \n\nThis bulk package contains four 5-pound blocks, totaling 20 pounds, providing excellent value and convenience for food service or large-scale use. At a price of $16.76 per pack ($3.35 per pound), it is an economical yet high-quality option for those needing large quantities of cheese.\n\nSchreiber’s American cheese is widely used in households, cafeterias, and food service establishments. It is especially favored for melting on burgers, grilled cheese sandwiches, and cheeseburgers, as well as for adding a creamy texture to casseroles or snack platters.\n\nIn summary, Schreiber’s American Cheese offers ease of use with pre-sliced portions, dependable quality with a classic taste, and versatility suited for both culinary professionals and everyday consumers.",
    "image_url": "https://shop.kimelo.com/_next/image?url=https%3A%2F%2Fd3tlizm80tjdt4.cloudfront.net%2Fimage%2F15196%2Fimage%2Fsm-af4d520ed6ba1c0a2c2dbddaffd35ce4.png&w=3840&q=50",
    "metadata": {
      "cheese_type": "Cheese, American, 120 Slice, Yellow, (4) 5 Lb - 103674",
      "source_url": "https://shop.kimelo.com/sku/cheese-american-120-slice-yellow-4-5-lb-103674/103674",
      "brand": "Schreiber",
      "cheese_form": "Sliced Cheese",
      "sku": 103674,
      "upc": 103674,
      "price_per_lb": 3.35,
      "price_each": 16.76,
      "lb_per_each": 5.0,
      "case": "No"
    },
    "id": "12560637a0e7b24150079bc6c8d535bd",
    "processed_at": "2025-05-08T14:47:22.138048"
  },
  {
    "description": "This product is Cheswick Fancy Mild Cheddar Cheese, presented in a shredded form that is convenient for cooking and garnishing. The cheese exhibits a vibrant golden-yellow color indicative of classic mild cheddar, likely achieved through the natural addition of annatto coloring.\n\nIn terms of texture, the shredded format suggests a soft but firm cheese, finely cut into thin, consistent strands perfect for quick melting and even distribution in recipes. The mild flavor profile is ideal for those who prefer a smooth, creamy cheddar without the sharpness or intense tang found in aged varieties. This makes it particularly versatile for a wide range of culinary uses—from topping casseroles, salads, and baked potatoes to incorporating into sandwiches, sauces, and cheese blends.\n\nOriginating from Cheswick, a brand recognized for quality cheese products, this shredded mild cheddar offers reliable flavor and texture. It is packaged in substantial 5-pound bags (priced at $16.46 each), making it suitable for both family households and food service applications where bulk cheese is advantageous. At $3.29 per pound, it delivers good value for a mild cheddar cheese.\n\nOverall, Cheswick Fancy Mild Shredded Cheddar Cheese is a versatile, easy-to-use cheese option prized for its appealing color, smooth mild flavor, and convenient shredded form, enhancing both everyday meals and special dishes.",
    "image_url": "https://shop.kimelo.com/_next/image?url=https%3A%2F%2Fd3tlizm80tjdt4.cloudfront.net%2Fimage%2F15193%2Fimage%2Fsm-dba02abeba78ee707501f521a0557481.png&w=3840&q=50",
    "metadata": {
      "cheese_type": "Cheese, Cheddar, Shredded, Fancy, Mild, (4) - 106832",
      "source_url": "https://shop.kimelo.com/sku/cheese-cheddar-shredded-fancy-mild-4-106832/106832",
      "brand": "Cheswick",
      "cheese_form": "Shredded Cheese",
      "sku": 106832,
      "upc": 106832,
      "price_per_lb": 3.29,
      "price_each": 16.46,
      "lb_per_each": 5.0,
      "case": "No"
    },
    "id": "f5de5eb7f674e9b84ab6a1816fdda907",
    "processed_at": "2025-05-08T14:47:41.594719"
  },
  {
    "description": "This product is California Select Farms Mild Cheddar Cheese, offered in conveniently pre-sliced form, making it easy for quick use in sandwiches, snacks, or melting applications. The cheese exhibits a classic rich golden-yellow hue, typical of mild cheddar varieties, with an inviting smooth and semi-firm texture that will slice neatly without crumbling.\n\nCalifornia Select Farms is known for producing quality cheese products, and this mild cheddar maintains that reputation by delivering a gentle, creamy flavor profile with subtle tanginess that is less sharp than aged cheddars. This makes it an excellent choice for those who prefer a mellow cheese taste suitable for everyday consumption, appealing to both adults and children alike.\n\nPackaged in a 1.5-pound block, the cheese slices are ideal for portion control and ease of use, whether for sandwiches, burgers, or cheese platters. Priced at $6.89 per package or about $4.59 per pound, it offers good value for a well-known brand. This product would fit perfectly in casual meals, lunchboxes, or as an ingredient in melted dishes like grilled cheese or casseroles. Its mild nature also allows it to pair well with fruits, crackers, and mild wines. \n\nIn summary, California Select Farms Mild Cheddar Sliced Cheese is a versatile, approachable cheese with a pleasing mild cheddar flavor and easy-to-use sliced form, perfect for everyday culinary needs.",
    "image_url": "https://shop.kimelo.com/_next/image?url=https%3A%2F%2Fd3tlizm80tjdt4.cloudfront.net%2Fimage%2F8965%2Fimage%2Fsm-137bd810e22f0b816f7a749f30bb60f4.jpeg&w=3840&q=50",
    "metadata": {
      "cheese_type": "Cheese, Cheddar, Mild, Sliced, (8) - 103600",
      "source_url": "https://shop.kimelo.com/sku/cheese-cheddar-mild-sliced-8-103600/103600",
      "brand": "California Select Farms",
      "cheese_form": "Sliced Cheese",
      "sku": 103600,
      "upc": 103600,
      "price_per_lb": 4.59,
      "price_each": 6.89,
      "lb_per_each": 1.5,
      "case": "No"
    },
    "id": "7eb3a29c4298615ebcbfaf78443887e6",
    "processed_at": "2025-05-08T14:47:49.028555"
  },
  {
    "description": "This product is finely grated Parmesan cheese from the reputable brand Galbani, offered in a large-format 5-pound package, ideal for professional kitchens, restaurants, or any setting requiring substantial amounts of this popular cheese. The cheese is imported, ensuring authentic quality and flavor consistent with traditional Parmesan standards.\n\n### Appearance and Form:\nThe cheese is presented in a finely grated form, appearing as a uniform granular texture, off-white to pale yellow in color. This finely grated form is typical for Parmesan cheese, making it easy to sprinkle or melt over dishes. The packaging is a clear sealed plastic bag, allowing visibility of the cheese inside while keeping it fresh.\n\n### Texture and Characteristics:\nGalbani’s grated Parmesan offers a dry, granular texture essential for easy dispersal over pasta, salads, and soups. Parmesan cheese is known for its hard, crystalline texture when whole, but once grated, it becomes soft and lightweight, offering a distinct savory profile without clumping. It delivers the rich umami and nutty flavors classic to Parmesan, with a slightly sharp and salty tang that enhances many culinary dishes.\n\n### Origin and Usage:\nParmesan cheese, traditionally originating from the Parma region of Italy, is a hard, aged cheese made from cow’s milk. Galbani’s imported version maintains the high standards of traditional Parmesan production, promising a genuine Italian flavor. It is commonly used as a finishing cheese, sprinkled over pasta dishes, risottos, soups, salads, and even incorporated into breading or sauces",
    "image_url": "https://shop.kimelo.com/_next/image?url=https%3A%2F%2Fd3tlizm80tjdt4.cloudfront.net%2Fimage%2F10794%2Fimage%2Fsm-313ae66972cd7064da6bcf09c337ae5a.png&w=3840&q=50",
    "metadata": {
      "cheese_type": "Cheese, Parmesan, Grated, Imported, (4) 5 Lb - 111522",
      "source_url": "https://shop.kimelo.com/sku/cheese-parmesan-grated-imported-4-5-lb-111522/111522",
      "brand": "Galbani",
      "cheese_form": "Crumbled, Cubed, Grated, Shaved",
      "sku": 111522,
      "upc": 111522,
      "price_per_lb": 6.04,
      "price_each": 30.18,
      "lb_per_each": 5.0,
      "case": "No"
    },
    "id": "4e164e17e20d8e5ae85269f5246766d9",
    "processed_at": "2025-05-08T14:47:56.175059"
  },
  {
    "description": "This product is Galbani brand Parmesan cheese presented in a shaved form, packaged in a bulk quantity of four 5-pound bags (totaling 20 pounds). The cheese appears as thin, delicate shavings with a pale ivory to light yellow color, characteristic of Parmesan.\n\n### Appearance and Texture:\nThe Parmesan shavings have a slightly crumbly yet firm texture, typical of aged Parmesan cheese. The thin shave form allows for easy melting and quick incorporation into dishes, offering a visually appealing and flavorful topping. The cheese shavings look dry and granular on the surface, indicating proper aging and moisture content.\n\n### Characteristics:\nParmesan (Parmigiano-Reggiano style) cheese is known for its rich, savory umami flavor with nutty and fruity undertones. Galbani Parmesan is a versatile, high-quality product widely used in both culinary and finishing applications. Its firm texture and robust flavor profile make it ideal for sprinkling over pastas, salads, soups, or incorporating into sauces.\n\n### Origin:\nGalbani is a renowned Italian brand specializing in traditional Italian cheeses. Parmesan cheese, originally from the Parma region of Italy, is a hard, aged cheese aged typically between 12 to 36 months to develop its distinct flavor and granular texture.\n\n### Typical Uses:\n- Garnishing pasta dishes or risottos for added flavor and texture\n- Topping salads to introduce a savory note and pleasant crunch\n- Incorporating into soups to enrich the broth with depth and umami\n-",
    "image_url": "https://shop.kimelo.com/_next/image?url=https%3A%2F%2Fd3tlizm80tjdt4.cloudfront.net%2Fimage%2F2865%2Fimage%2Fsm-7f83700059c075a212d5756e9c4e7073.jpg&w=3840&q=50",
    "metadata": {
      "cheese_type": "Cheese, Parmesan, Shaved, (4) 5 Lb - 106816",
      "source_url": "https://shop.kimelo.com/sku/cheese-parmesan-shaved-4-5-lb-106816/106816",
      "brand": "Galbani",
      "cheese_form": "Crumbled, Cubed, Grated, Shaved",
      "sku": 106816,
      "upc": 106816,
      "price_per_lb": 5.29,
      "price_each": 26.44,
      "lb_per_each": 5.0,
      "case": "No"
    },
    "id": "d8d86a589362913da8920d720ec8e646",
    "processed_at": "2025-05-08T14:48:09.130828"
  },
  {
    "description": "This is a premium specialty cheese product—Galbani Professionale Ricotta Classic, presented in a 5-pound container, with a total package weight of 20 pounds (as it comes in sets of four containers).\n\n**Appearance and Form:**\nThe ricotta cheese is housed in a practical, sturdy plastic tub designed to maintain freshness and facilitate easy access, reflecting its use in both professional and home kitchens. The packaging uses a predominantly blue and white color scheme with the recognizable Galbani logo prominently displayed, underscoring its Italian heritage.\n\n**Texture and Characteristics:**\nGalbani's Classic Ricotta is known for its smooth, creamy, and slightly grainy texture typical of freshly made ricotta cheeses. Crafted from whole milk, this ricotta offers a rich, slightly sweet flavor profile with subtle milky and mildly tangy notes. Its moist and soft nature makes it versatile for diverse culinary applications.\n\n**Origin:**\nMade in Italy, Galbani brings an authentic Italian ricotta experience. Italy is renowned for ricotta which is traditionally produced by reheating whey left over from other cheese production. This product upholds that heritage, delivering quality that respects Italian cheese-making traditions.\n\n**Typical Uses:**\nIdeal for both savory and sweet dishes, Galbani Ricotta Classic is highly versatile. It is perfect for mixing into lasagna, ravioli fillings, and other pasta dishes; it can be used to enrich creamy soups or dips, dolloped on pizzas, or incorporated into baked goods",
    "image_url": "https://shop.kimelo.com/_next/image?url=https%3A%2F%2Fd3tlizm80tjdt4.cloudfront.net%2Fimage%2F15218%2Fimage%2Fsm-466292604c156f994ceac17cbcf40f9e.png&w=3840&q=50",
    "metadata": {
      "cheese_type": "Cheese, Ricotta, (4) 5lb - 108718",
      "source_url": "https://shop.kimelo.com/sku/cheese-ricotta-4-5lb-108718/108718",
      "brand": "Galbani",
      "cheese_form": "Specialty Cheese",
      "sku": 108718,
      "upc": 108718,
      "price_per_lb": 3.38,
      "price_each": 16.89,
      "lb_per_each": 5.0,
      "case": "No"
    },
    "id": "46b124713338b73b56921e797f1d0f65",
    "processed_at": "2025-05-08T14:48:18.077559"
  },
  {
    "description": "This product is a bulk package of shredded cheese, specifically a blend of Monterey Jack and Cheddar cheeses. The blend is recognized for combining the mild, creamy flavor of Monterey Jack with the sharper, slightly tangy taste of Cheddar. The cheese is finely shredded, which makes it versatile and easy to use in a variety of culinary applications.\n\nVisually, the shredded blend exhibits a dual-tone appearance, featuring the creamy white strands typical of Monterey Jack alongside the vibrant orange-yellow pieces of Cheddar. This color contrast enhances its aesthetic appeal when used as a topping or ingredient.\n\nTexturally, the shredded cheese is soft and pliable, ideal for melting evenly over dishes. The Monterey Jack lends a smooth, creamy melt, while the Cheddar adds richness and depth of flavor, making the blend perfect for casseroles, nachos, salads, tacos, sandwiches, and a wide range of other recipes requiring melted or cold shredded cheese.\n\nThis product is packaged in a large 5-pound bag, which is part of a 4-pack set, catering well to foodservice environments, catering, or households that use cheese frequently. The brand associated with this product is Packer, and the SKU is 103664. Available at a price point of $14.71 per 5-pound bag ($2.94 per pound), it offers good value for a high-usage shredded cheese blend.\n\nOverall, this Monterey Jack and Cheddar shredded cheese blend is a convenient, flavorful, and multipurpose option suitable for",
    "image_url": "https://shop.kimelo.com/_next/image?url=https%3A%2F%2Fd3tlizm80tjdt4.cloudfront.net%2Fremote_images%2Fimage%2F7672%2Fsmall%2F63a1d4191c5e3258376922c1599c780ef012ec6bf3828fa409.jpg&w=3840&q=50",
    "metadata": {
      "cheese_type": "Cheese, Shredded, Jack & Cheddar Blend, Fancy, (4) 5 Lb - 103664",
      "source_url": "https://shop.kimelo.com/sku/cheese-shredded-jack-cheddar-blend-fancy-4-5-lb-103664/103664",
      "brand": "Packer",
      "cheese_form": "Shredded Cheese",
      "sku": 103664,
      "upc": 103664,
      "price_per_lb": 2.94,
      "price_each": 14.71,
      "lb_per_each": 5.0,
      "case": "No"
    },
    "id": "8a9a25b9899ca8824ea53ba6064ad22f",
    "processed_at": "2025-05-08T14:48:26.954218"
  },
  {
    "description": "This product is Philadelphia Original Cream Cheese, presented in a convenient 3-pound loaf (brick) form, ideal for both commercial and home use. Philadelphia Cream Cheese is a classic American-style cream cheese known for its smooth, rich, and creamy texture that spreads easily and melts well.\n\n**Appearance and Texture:**  \nThe cream cheese loaf has a pale, off-white color, indicative of its fresh dairy origin. Its texture is dense yet soft, allowing it to be spread with ease without crumbling. The loaf form makes it practical for slicing, spreading, or incorporating into recipes that require a substantial, uniform portion of cream cheese.\n\n**Characteristics:**  \nPhiladelphia Original Cream Cheese is noted for a slightly tangy, mild flavor that balances creaminess with a subtle hint of acidity from the cultured dairy base. It does not contain preservatives, ensuring a fresh and natural taste. The product maintains a consistent quality, making it a versatile ingredient.\n\n**Origin:**  \nPhiladelphia Cream Cheese was first developed in the United States and has since become a staple in many kitchens worldwide. The brand has a long-established reputation dating back to 1872, symbolizing trust and premium quality in the cream cheese category.\n\n**Typical Uses:**  \nThis cream cheese loaf is widely utilized in both culinary and baking applications. It is perfect for spreading on bagels, crackers, and breads; used as a base for dips and spreads; incorporated into cheesecakes and desserts; or melted into sauces and soups to add creaminess and depth of flavor",
    "image_url": "https://shop.kimelo.com/_next/image?url=https%3A%2F%2Fd3tlizm80tjdt4.cloudfront.net%2Fimage%2F1544%2Fimage%2Fsm-b2bb50a2b1ae90153c2401ff9f0214df.jpg&w=3840&q=50",
    "metadata": {
      "cheese_type": "Cheese, Cream, Loaf, Philadelphia, (6) 3 Lb - 103663",
      "source_url": "https://shop.kimelo.com/sku/cheese-cream-loaf-philadelphia-6-3-lb-103663/103663",
      "brand": "Philadelphia",
      "cheese_form": "Cheese Loaf",
      "sku": 103663,
      "upc": 103663,
      "price_per_lb": 5.38,
      "price_each": 16.13,
      "lb_per_each": 3.0,
      "case": "No"
    },
    "id": "cc8927aaff3efe1b485663c095dd8ce0",
    "processed_at": "2025-05-08T14:48:35.389766"
  },
  {
    "description": "This is a sliced Jack Pepper cheese from the Cal Premium brand, presented in convenient 1.5 lb slices. The cheese is off-white in color with an evenly distributed speckling of cracked peppercorns, which adds both visual interest and a zesty flavor profile. The pepper flecks vary in size and color, likely incorporating a mix of black, red, and green peppercorns, contributing to a mildly spicy and aromatic bite.\n\nJack Pepper cheese is typically semi-soft in texture, offering a smooth and creamy mouthfeel that melts gently on the palate. The slices are thin and flexible, suited well for layering in sandwiches, melting on burgers, or serving on cheese boards as a flavorful accompaniment. Its pepper infusion imparts a subtly sharp yet balanced heat that elevates traditional Monterey Jack cheese without overwhelming its creamy, mild base.\n\nOriginating from California, Jack Pepper cheese is a popular choice among those who enjoy a little kick in their dairy without sacrificing the smoothness and versatility of a classic Jack cheese. Ideal for casual snacking, sandwich making, or enhancing the flavor profile of casseroles and melts, this sliced variety provides convenience and consistent portion control.\n\nRetailing at approximately $4.48 per pound, and priced at $6.72 for each 1.5 lb package, it offers a flavorful and affordable option for everyday cheese lovers seeking a blend of creamy texture and peppery zest.",
    "image_url": "https://shop.kimelo.com/_next/image?url=https%3A%2F%2Fd3tlizm80tjdt4.cloudfront.net%2Fremote_images%2Fimage%2F5723%2Fsmall%2F63b0ef7755de74914c5a50da256581d0721f73912ee4923b21.jpg&w=3840&q=50",
    "metadata": {
      "cheese_type": "Cheese, Jack Pepper, Sliced, (8) 1.5 Lb 124829",
      "source_url": "https://shop.kimelo.com/sku/cheese-jack-pepper-sliced-8-15-lb-124829/124829",
      "brand": "Cal Premium",
      "cheese_form": "Sliced Cheese",
      "sku": 124829,
      "upc": 124829,
      "price_per_lb": 4.48,
      "price_each": 6.72,
      "lb_per_each": 1.5,
      "case": "No"
    },
    "id": "96a909480e1474d12833036710b01c93",
    "processed_at": "2025-05-08T14:48:47.139764"
  },
  {
    "description": "This is a block of Gopi Paneer, a popular fresh cheese widely used in Indian cuisine. The cheese in the image is presented in a large rectangular block, vacuum-sealed in clear plastic to maintain freshness. The packaging features a blue label with the brand name \"Gopi\" prominently displayed, along with the product name \"Paneer\" in bold red letters.\n\nPaneer is a non-aged, non-melting cheese made by curdling milk with a food acid like lemon juice or vinegar. Its texture is firm yet crumbly, allowing it to be easily sliced, cubed, or crumbled without losing shape during cooking. The surface of the cheese appears smooth and uniform with a creamy white color typical of fresh paneer.\n\nThe cheese is sold as sliced portions within a 4 to 5-pound overall block, making it practical for larger households or culinary use. With a price per pound of $3.76, it is an economical option for those seeking authentic quality paneer.\n\nGopi Paneer is ideal for a variety of culinary applications such as grilling, frying, or simmering in sauces, commonly used in dishes like paneer tikka, palak paneer, and paneer butter masala. Its mild, milky flavor pairs well with spicy and savory Indian spices.\n\nOverall, this Gopi Paneer block offers a versatile, fresh, and authentic cheese product suitable for both home cooking and professional kitchens.",
    "image_url": "https://shop.kimelo.com/_next/image?url=https%3A%2F%2Fd3tlizm80tjdt4.cloudfront.net%2Fremote_images%2Fimage%2F10816%2Fsmall%2F2048920d241626bd3bad46e85780c82aa9ba11b23f92f26222.jpg&w=3840&q=50",
    "metadata": {
      "cheese_type": "Cheese, Paneer, Gopi, 4/5 Lb",
      "source_url": "https://shop.kimelo.com/sku/cheese-paneer-gopi-45-lb/374574",
      "brand": "Gopi",
      "cheese_form": "Sliced Cheese",
      "sku": 374574,
      "upc": 374574,
      "price_per_lb": 3.76,
      "price_each": 75.1,
      "lb_per_each": 19.97,
      "case": "No"
    },
    "id": "0c0a1e97dd78b2afe03bdfb58849797d",
    "processed_at": "2025-05-08T14:48:55.948365"
  },
  {
    "description": "This image shows a loaf of Cheswick Mild Cheddar Cheese. The cheese is presented in a rectangular loaf form, typically weighing 5 pounds, making it ideal for both commercial use and large gatherings. The cheese has a smooth, uniform texture with a rich orange-yellow hue, characteristic of classic mild cheddar varieties.\n\nCheddar cheese originates from the English village of Cheddar in Somerset, England. Cheswick Mild Cheddar offers a creamy, mellow flavor profile with a subtle tang and a smooth finish, distinguishing it from sharper or aged cheddar counterparts. Its mildness makes it versatile for various applications, such as slicing for sandwiches, melting in recipes, shredding for toppings, or serving on cheese platters.\n\nThis product is packaged and labeled with nutritional information on a blue label, ensuring convenience and transparency. With a price of $16.99 per 5-pound loaf, or $3.40 per pound, it provides good value for bulk cheese needs while maintaining quality expected from Cheswick brand products. \n\nOverall, this mild cheddar loaf is a dependable choice for foodservice operations, delis, or any setting requiring large quantities of high-quality mild cheddar cheese.",
    "image_url": "https://shop.kimelo.com/_next/image?url=https%3A%2F%2Fd3tlizm80tjdt4.cloudfront.net%2Fimage%2F11595%2Fimage%2Fsm-a149c106d663df481f081d8fa47bcf0f.jpeg&w=3840&q=50",
    "metadata": {
      "cheese_type": "Cheese, Cheddar, Mild, Loaf, (8) 5 Lb - 103670",
      "source_url": "https://shop.kimelo.com/sku/cheese-cheddar-mild-loaf-8-5-lb-103670/103670",
      "brand": "Cheswick",
      "cheese_form": "Cheese Loaf",
      "sku": 103670,
      "upc": 103670,
      "price_per_lb": 3.4,
      "price_each": 16.99,
      "lb_per_each": 5.0,
      "case": "No"
    },
    "id": "642d3d172e5bd70123a41b7954397ded",
    "processed_at": "2025-05-08T14:49:02.279293"
  },
  {
    "description": "This product is President brand Feta cheese, presented in a crumbled form. The cheese is packaged in a vacuum-sealed plastic pouch that keeps the cheese fresh and moist. The feta crumbles have a classic creamy white color, typical of traditional feta cheese. Their texture appears firm yet crumbly, ideal for sprinkling and blending into a variety of dishes.\n\nFeta cheese, originally from Greece, is a brined curd cheese typically made from sheep's milk or a mixture of sheep and goat's milk. It is renowned for its tangy, slightly salty flavor with a rich and creamy mouthfeel, which these crumbles retain excellently.\n\nThis specialty cheese is versatile in culinary use; it can enhance salads, pastries like spanakopita, pasta dishes, or served alongside roasted vegetables and grilled meats. The crumbled form makes it convenient for direct application without additional preparation.\n\nRegarding product specifics:\n- Type: Feta Cheese, Crumbles\n- Brand: President\n- SKU/UPC: 123341\n- Packaging Size: 2 packs of 5 pounds each (total 10 lbs)\n- Pricing: $4.41 per pound; $44.11 per 10 lbs.\n\nOverall, President’s Feta Crumbles offer a high-quality, authentic feta cheese option for both home cooks and food service professionals seeking the distinctive flavor and texture of traditional feta in a ready-to-use crumbled format.",
    "image_url": "https://shop.kimelo.com/_next/image?url=https%3A%2F%2Fd3tlizm80tjdt4.cloudfront.net%2Fimage%2F17447%2Fimage%2Fsm-b7f1d5ebed658c7a48b315af49bb5e0d.png&w=3840&q=50",
    "metadata": {
      "cheese_type": "Cheese, Feta, Crumbles, President, 2/5 Lb - 123341",
      "source_url": "https://shop.kimelo.com/sku/cheese-feta-crumbles-president-25-lb-123341/123341",
      "brand": "President",
      "cheese_form": "Specialty Cheese",
      "sku": 123341,
      "upc": 123341,
      "price_per_lb": 4.41,
      "price_each": 44.11,
      "lb_per_each": 10.0,
      "case": "No"
    },
    "id": "be570d282dd4ed85871fa4c12f1a0409",
    "processed_at": "2025-05-08T14:49:10.550830"
  },
  {
    "description": "This image features a container of Belgioioso Mascarpone cheese, a high-quality specialty cheese widely used in Italian cuisine. The product is presented in a 5-pound (2.26 kg) tub, designed for ease of use and storage, especially suited for both professional and home kitchens.\n\n**Appearance and Packaging:**\nThe cheese is packaged in a sturdy, white plastic tub with a matching lid to preserve freshness. The label prominently features the Belgioioso brand name and logo, accompanied by Italian flag colors emphasizing its Italian style and heritage. The large green \"Mascarpone\" lettering clearly identifies the cheese, with an additional note highlighting its ideal use for tiramisu and other culinary applications.\n\n**Texture and Characteristics:**\nMascarpone is a rich, creamy, and smooth cheese made from cream. It has a luscious, buttery texture that is thick yet spreadable. It contains a high fat content which lends it a decadent mouthfeel incredibly suitable for desserts like tiramisu, as well as savory dishes like risottos, sauces, and soups. The flavor is subtly sweet and milky with a mild tang, making it versatile in both sweet and savory contexts.\n\n**Origin and Brand:**\nBelGioioso is a reputable American cheese producer specializing in Italian-style cheeses. Their Mascarpone is crafted to mimic traditional Italian mascarpone, ensuring authentic taste and superior quality.\n\n**Usage and Storage:**\nPrimarily used for making traditional Italian desserts such as tiramisu, cheesec",
    "image_url": "https://shop.kimelo.com/_next/image?url=https%3A%2F%2Fd3tlizm80tjdt4.cloudfront.net%2Fimage%2F17540%2Fimage%2Fsm-c373691cb060f68e4cc8b4904a692eda.png&w=3840&q=50",
    "metadata": {
      "cheese_type": "Cheese, Mascarpone, Tub, Belgioioso, (4) 5 Lb - 107599",
      "source_url": "https://shop.kimelo.com/sku/cheese-mascarpone-tub-belgioioso-4-5-lb-107599/107599",
      "brand": "Belgioioso",
      "cheese_form": "Specialty Cheese",
      "sku": 107599,
      "upc": 107599,
      "price_per_lb": 5.94,
      "price_each": 29.72,
      "lb_per_each": 5.0,
      "case": "No"
    },
    "id": "844713d72a394602817f06d7259822f3",
    "processed_at": "2025-05-08T14:49:21.636937"
  },
  {
    "description": "This product is Belgioioso Crumbled Gorgonzola, an Italian blue cheese renowned for its creamy texture and bold, tangy flavor profile. Presented in convenient 5-pound bags, this cheese is already crumbled, making it ideal for easy incorporation into a variety of dishes.\n\n**Appearance and Texture:**  \nThe cheese appears as small, irregularly shaped white to pale cream crumbles with characteristic blue-green veins of mold distributed throughout. These veins add visual contrast and signature blue cheese flavor. The crumbled form ensures a soft, crumbly texture that easily breaks apart, perfect for sprinkling over salads, pastas, or pizzas.\n\n**Flavor Profile:**  \nBelgioioso Gorgonzola offers a balanced sharpness typical of blue cheeses, with earthy and slightly spicy notes. It combines creamy, buttery undertones with the distinct piquancy of blue mold cultures, delivering complexity and richness.\n\n**Origin and Production:**  \nMade in the traditional Italian style, this cheese is crafted using authentic techniques that involve the introduction of Penicillium roqueforti cultures, which develop the characteristic blue marbling and robust flavor. Belgioioso ensures quality and authenticity, maintaining the heritage of Italian blue cheese.\n\n**Typical Uses:**  \nThanks to its crumbled form, this Gorgonzola is extremely versatile and convenient. It works wonderfully as a salad topper, melts beautifully on pizzas and flatbreads, enhances the flavor of risottos and pastas, and pairs excellently with fruits,",
    "image_url": "https://shop.kimelo.com/_next/image?url=https%3A%2F%2Fd3tlizm80tjdt4.cloudfront.net%2Fimage%2F5982%2Fimage%2Fsm-9aa3ae766c94f5a2fcc8f244a97460de.jpg&w=3840&q=50",
    "metadata": {
      "cheese_type": "Cheese, Gorgonzola, Crumbles, 86464, (2) 5 Lb - 107598",
      "source_url": "https://shop.kimelo.com/sku/cheese-gorgonzola-crumbles-86464-2-5-lb-107598/107598",
      "brand": "Belgioioso",
      "cheese_form": "Crumbled, Cubed, Grated, Shaved",
      "sku": 107598,
      "upc": 107598,
      "price_per_lb": 4.91,
      "price_each": 24.53,
      "lb_per_each": 5.0,
      "case": "No"
    },
    "id": "a02e46c266f8454690033a16c78381dd",
    "processed_at": "2025-05-08T14:49:29.146939"
  },
  {
    "description": "This is a Galbani Professional Mozzarella cheese loaf, SKU 125731, presented in a substantial 8/5 lb package size. The cheese is packaged as a loaf, which is ideal for professional kitchens and food service operations requiring large quantities of consistent quality mozzarella.\n\n**Appearance and Texture:**  \nThe mozzarella loaf has a smooth, creamy white exterior with a uniform texture. Mozzarella typically features a slightly elastic yet soft body, offering excellent stretch and melt characteristics. This cheese is known for its moist, supple texture that melts evenly without becoming greasy, making it versatile for various culinary applications.\n\n**Origin and Brand:**  \nGalbani is a well-established Italian brand renowned for its authentic cheese products. Their Professional line is tailored to meet the needs of chefs and food service providers, ensuring reliable quality and flavor.\n\n**Typical Uses:**  \nThis mozzarella loaf is perfect for pizza-making, lasagna, baked pasta dishes, sandwiches, and salads. Its excellent melting properties enable it to brown beautifully and create the quintessential gooey, stretchy texture cherished in Italian cuisine. Additionally, it works well sliced or shredded for topping or layering.\n\n**Pricing Details:**  \nThe product retails at $98.20 per unit, with a price per pound of approximately $2.46, reflecting value for high-quality, professional-grade mozzarella.\n\nIn summary, the Galbani Professional Mozzarella Cheese Loaf offers a large quantity of authentic Italian-style mozzarella with excellent texture and meltability, designed specifically for culinary",
    "image_url": "https://shop.kimelo.com/_next/image?url=https%3A%2F%2Fd3tlizm80tjdt4.cloudfront.net%2Fremote_images%2Fimage%2F7215%2Fsmall%2F0a7da17fd94fe5c52868137e402c2fb20947dba2f4b452a049.jpg&w=3840&q=50",
    "metadata": {
      "cheese_type": "Cheese, Mozzarella, Wmlm, Loaf, Professionale, 8/5 Lb 125731",
      "source_url": "https://shop.kimelo.com/sku/cheese-mozzarella-wmlm-loaf-professionale-85-lb-125731/125731",
      "brand": "Galbani",
      "cheese_form": "Cheese Loaf",
      "sku": 125731,
      "upc": 125731,
      "price_per_lb": 2.46,
      "price_each": 98.2,
      "lb_per_each": 39.92,
      "case": "No"
    },
    "id": "5b87b93a1aaf7dc7c71d8efc3e81dbde",
    "processed_at": "2025-05-08T14:49:38.839327"
  },
  {
    "description": "The cheese shown is an Indian Paneer, marketed under the brand \"Royal Mahout.\" This product is presented in a fresh loaf form, which is typical for paneer, a specialty cheese widely used in Indian cuisine.\n\n### Appearance:\nThe paneer loafs are rectangular blocks with a smooth, creamy white exterior. The surface looks firm yet unaged, reflecting its fresh nature. The packaging includes a distinctive label featuring the \"Royal Mahout\" brand name and an elephant illustration, emphasizing its Indian origin.\n\n### Texture and Characteristics:\nPaneer is a fresh, non-melting cheese made by curdling heated milk with a food acid (like lemon juice or vinegar). It has a mild, milky flavor and a dense, crumbly yet firm texture, which holds its shape well during cooking. This makes it highly versatile for various recipes, such as grilling, frying, or adding to curries.\n\n### Origin:\nThis paneer is from India, as the product name and branding suggest, reflecting traditional Indian cheese-making methods.\n\n### Uses:\nPaneer is extensively used in Indian dishes such as Palak Paneer (spinach and paneer curry), Paneer Tikka (marinated grilled cubes), and many vegetarian dishes. Its ability to absorb spices and withstand heat without melting makes it a valuable ingredient in many culinary preparations.\n\n### Pricing and Packaging:\n- SKU & UPC: 109240\n- Price per loaf: $20.58\n- Price per pound: $4.12\n",
    "image_url": "https://shop.kimelo.com/_next/image?url=https%3A%2F%2Fd3tlizm80tjdt4.cloudfront.net%2Fimage%2F14820%2Fimage%2Fsm-d0fbe266cac5dbbfe601de287ad60344.png&w=3840&q=50",
    "metadata": {
      "cheese_type": "Cheese, Indian Paneer Bulk Fresh Loaf (4) 109240",
      "source_url": "https://shop.kimelo.com/sku/cheese-indian-paneer-bulk-fresh-loaf-4-109240/109240",
      "brand": "Royal Mahout",
      "cheese_form": "Specialty Cheese",
      "sku": 109240,
      "upc": 109240,
      "price_per_lb": 4.12,
      "price_each": 20.58,
      "lb_per_each": 5.0,
      "case": "No"
    },
    "id": "f6097ddfa3a2a0f1e4e9b17bcca85fce",
    "processed_at": "2025-05-08T14:49:48.525271"
  },
  {
    "description": "This product is California Select Farms Provolone Cheese, presented in convenient sliced form. Each package contains approximately 1.5 pounds of cheese, making it easy to use and portion for a variety of culinary applications. \n\n**Appearance:**  \nThe cheese is pale yellow to off-white, characteristic of traditional Provolone. The slices are uniformly cut, ideal for sandwiches, melting, or snacking. The cheese is vacuum-sealed in a clear plastic package, preserving freshness and preventing moisture loss.\n\n**Texture and Characteristics:**  \nProvolone is a semi-hard cheese with a smooth, creamy texture that becomes slightly firmer and more elastic with aging. This sliced version is softer for easy handling and melting. It boasts a mild, slightly tangy, and buttery flavor profile, making it versatile in flavor pairings.\n\n**Origin and Brand:**  \nProduced by California Select Farms, this Provolone is crafted under quality standards that reflect both tradition and consistency, sourced from California dairy farms known for good practices.\n\n**Typical Uses:**  \nThis sliced Provolone is perfect for deli sandwiches, burgers, melts, and quick snacks. It melts beautifully under heat, contributing a mild yet rich taste to hot dishes such as paninis, casseroles, and Italian recipes.\n\n**Price Information:**  \n- Price per package: $6.58  \n- Price per pound: $4.39  \n\nOverall, California Select Farms Provolone Sliced Cheese offers a convenient, flavorful option for both everyday meals and special",
    "image_url": "https://shop.kimelo.com/_next/image?url=https%3A%2F%2Fd3tlizm80tjdt4.cloudfront.net%2Fimage%2F8966%2Fimage%2Fsm-0ad8abe6c7be4ec1371aa99b8a1fe80d.jpeg&w=3840&q=50",
    "metadata": {
      "cheese_type": "Cheese, Provolone, Sliced, (8) 1.5 Lb - 103601",
      "source_url": "https://shop.kimelo.com/sku/cheese-provolone-sliced-8-15-lb-103601/103601",
      "brand": "California Select Farms",
      "cheese_form": "Sliced Cheese",
      "sku": 103601,
      "upc": 103601,
      "price_per_lb": 4.39,
      "price_each": 6.58,
      "lb_per_each": 1.5,
      "case": "No"
    },
    "id": "060bcb5ef3497cd2fb344407bced23bb",
    "processed_at": "2025-05-08T14:49:56.175607"
  },
  {
    "description": "This image showcases Galbani Fresh Mozzarella Cheese, a high-quality cheese product presented in a convenient loaf form. The cheese comes pre-sliced, making it ideal for efficient use in various culinary applications.\n\n**Appearance:**  \nThe cheese is packaged in a rectangular loaf shape, known for its smooth and glossy white exterior typical of fresh mozzarella. The slices are uniform and neatly separated within the packaging, maintaining the cheese’s moist and tender texture.\n\n**Texture and Characteristics:**  \nFresh mozzarella is celebrated for its soft, elastic texture and mild, milky flavor profile. The cheese retains a high moisture content, providing a creamy mouthfeel and a delicate stretchiness when melted or warmed. It’s versatile for both cold applications, such as salads and sandwiches, and hot dishes like baked pizzas or casseroles.\n\n**Origin and Brand:**  \nGalbani is a renowned Italian cheese brand with a long-standing tradition dating back to 1882, emphasizing authentic recipes and premium ingredients. This fresh mozzarella loaf aligns with the brand’s commitment to quality and Italian cheese-making heritage.\n\n**Typical Uses:**  \nGalbani Fresh Mozzarella is exceptionally well-suited for slicing onto caprese salads, layering in paninis, melting over pizzas, or incorporating into pasta dishes. Its pre-sliced convenience saves time in preparation while ensuring consistent thickness for even melting and presentation.\n\n**Pricing and Packaging:**  \n- Product SKU and UPC: 123535  \n- Price: $38.68 per package  \n- Price per pound",
    "image_url": "https://shop.kimelo.com/_next/image?url=https%3A%2F%2Fd3tlizm80tjdt4.cloudfront.net%2Fremote_images%2Fimage%2F1088%2Fsmall%2Fe9d4570a644a2ae0665f696c669bff43b9d6ccd681d0ebc349.jpg&w=3840&q=50",
    "metadata": {
      "cheese_type": "Cheese, Mozzarella, Fresh, Loaf, Sliced, 6/1 Lb - 123535",
      "source_url": "https://shop.kimelo.com/sku/cheese-mozzarella-fresh-loaf-sliced-61-lb-123535/123535",
      "brand": "Galbani",
      "cheese_form": "Cheese Loaf",
      "sku": 123535,
      "upc": 123535,
      "price_per_lb": 6.45,
      "price_each": 38.68,
      "lb_per_each": 6.0,
      "case": "No"
    },
    "id": "1be82a061aec09839bdc2f4846a66e76",
    "processed_at": "2025-05-08T14:50:03.528691"
  },
  {
    "description": "This product is Estia brand Feta cheese, presented in a large 24-pound container, perfect for professional or bulk use. The cheese is classified as a specialty cheese, specifically a Greek-style feta, known for its firm yet crumbly texture and tangy, slightly salty flavor.\n\nThe Estia Feta is made from RBST-free milk, appealing to consumers looking for products free from artificial growth hormones, which adds to its natural and wholesome profile. Packaged in a sturdy white plastic bucket with a secure lid and handle, it ensures freshness and convenience for foodservice environments such as restaurants, caterers, and delis.\n\nFeta cheese, especially of Greek origin, is versatile and commonly used in salads, pastries, and Mediterranean dishes. Its crumbly texture and rich, tangy taste make it an excellent addition to dishes like Greek salad, spanakopita, and baked vegetable casseroles. The 24 lb size and price point ($110.02 per container, or $4.58 per pound) reflect its appeal to commercial kitchens requiring high-quality feta cheese in large quantities.\n\nIn summary, Estia’s RBST-free Greek-style Feta in bulk form offers authentic flavor, texture, and quality—ideal for culinary professionals seeking a reliable and flavorful feta cheese option.",
    "image_url": "https://shop.kimelo.com/_next/image?url=https%3A%2F%2Fd3tlizm80tjdt4.cloudfront.net%2Fremote_images%2Fimage%2F2271%2Fsmall%2F7de5ff58f2fa420e59ed1a97ee95b035b5f2ecaaba98eada2b.jpg&w=3840&q=50",
    "metadata": {
      "cheese_type": "Cheese, Feta, Rbst Free, Estia, 24 Lb 124006",
      "source_url": "https://shop.kimelo.com/sku/cheese-feta-rbst-free-estia-24-lb-124006/124006",
      "brand": "Estia",
      "cheese_form": "Specialty Cheese",
      "sku": 124006,
      "upc": 124006,
      "price_per_lb": 4.58,
      "price_each": 110.02,
      "lb_per_each": 24.02,
      "case": "No"
    },
    "id": "86ff241696b29d2efbfdca9cbd2f36ec",
    "processed_at": "2025-05-08T14:50:11.491879"
  },
  {
    "description": "This product is Cheswick Fancy Shredded Monterey Jack Cheese, presented in a convenient shredded form for ease of use. The cheese comes in large 5-pound (2.27 kg) bags, making it suitable for both commercial kitchens and households with high cheese consumption.\n\n### Appearance and Texture:\nThe cheese is finely shredded, with a pale creamy white color typical of Monterey Jack cheese. The shreds are uniform and lightweight, ideal for melting, sprinkling, or mixing into various dishes. Its fine shredding facilitates fast melting, perfect for evenly distributing flavor and texture.\n\n### Cheese Characteristics:\nMonterey Jack is a semi-soft cheese originating from California, known for its mild, buttery flavor and smooth, slightly elastic texture. It melts beautifully, making it an excellent choice for cooking applications like quesadillas, sandwiches, casseroles, and sauces. The \"Fancy\" designation indicates a higher quality with consistent shredding and fresher taste.\n\n### Origin and Usage:\nMonterey Jack cheese is a classic American cheese with roots in the Monterey region of California. Known for its versatility, it pairs well with Mexican, American, and Italian cuisines. This shredded form is perfect for quick toppings on pizzas, tacos, baked potatoes, and for blending into dips or macaroni and cheese.\n\n### Packaging and Pricing:\n- SKU: 108930  \n- UPC: 108930  \n- Pack Size: 5 lbs per bag  \n- Price per bag: $16.26  \n- Price per pound:",
    "image_url": "https://shop.kimelo.com/_next/image?url=https%3A%2F%2Fd3tlizm80tjdt4.cloudfront.net%2Fimage%2F7273%2Fimage%2Fsm-77f3fe57315491b5b760f3c783c2ce89.jpg&w=3840&q=50",
    "metadata": {
      "cheese_type": "Cheese, Monterey Jack, Shredded, Fancy, (4) 5 Lb - 108930",
      "source_url": "https://shop.kimelo.com/sku/cheese-monterey-jack-shredded-fancy-4-5-lb-108930/108930",
      "brand": "Cheswick",
      "cheese_form": "Shredded Cheese",
      "sku": 108930,
      "upc": 108930,
      "price_per_lb": 3.25,
      "price_each": 16.26,
      "lb_per_each": 5.0,
      "case": "No"
    },
    "id": "3811efb4863059a545ca9d2580ec378d",
    "processed_at": "2025-05-08T14:50:18.936047"
  },
  {
    "description": "This product is a shredded Monterey Jack cheese, presented in a feather cut form, which is a thin, fine shred ideal for even melting. The cheese pictured consists of numerous slender, pale cream-colored shreds, showcasing a smooth and consistent texture typical of Monterey Jack.\n\nMonterey Jack cheese originates from California, USA, and is known for its mild, buttery flavor with a subtle sweet undertone. It has a semi-soft texture that melts beautifully, making it a preferred choice for a variety of culinary uses. Shredded Monterey Jack is versatile in the kitchen—it works exceptionally well in Mexican dishes such as quesadillas, enchiladas, and tacos, as well as in casseroles, salads, and sandwiches.\n\nThis particular product is offered by the brand Packer, packaged as shredded cheese in a 4/5 pound quantity. The cheese has a standard sliced form before shredding and is SKU 125786, making it easy for inventory management and purchase. Priced at $2.65 per pound, with a total price of approximately $53.01 for the full package, it offers good value for bulk buyers and foodservice professionals seeking a reliable, high-quality Monterey Jack.\n\nOverall, this shredded Monterey Jack is an excellent choice for melting applications thanks to its smooth, creamy texture and mild flavor, delivering both functional and taste benefits in a wide range of recipes.",
    "image_url": "https://shop.kimelo.com/_next/image?url=https%3A%2F%2Fd3tlizm80tjdt4.cloudfront.net%2Fremote_images%2Fimage%2F7236%2Fsmall%2Fe06462a3ca2ee281ec7fdc39e2aecc73c78ebcb6f4d822cc2b.jpg&w=3840&q=50",
    "metadata": {
      "cheese_type": "Cheese, Monterey Jack, Shredded, Feather, 4/5 Lb 125786",
      "source_url": "https://shop.kimelo.com/sku/cheese-monterey-jack-shredded-feather-45-lb-125786/125786",
      "brand": "Packer",
      "cheese_form": "Sliced Cheese",
      "sku": 125786,
      "upc": 125786,
      "price_per_lb": 2.65,
      "price_each": 53.01,
      "lb_per_each": 20.0,
      "case": "No"
    },
    "id": "fcaae749210356e803096214cac4e2c0",
    "processed_at": "2025-05-08T14:50:28.378346"
  },
  {
    "description": "This is California Select Farms Swiss Cheese, presented in convenient sliced form, perfect for a variety of uses. The cheese comes in an 8-pack of 1.5-pound packages, each priced at $8.12, equating to $5.41 per pound. The packaging clearly labels the brand and product details, showcasing a classic Swiss cheese aesthetic with its pale yellow color and signature eye holes.\n\nSwiss cheese is known for its smooth, firm texture and mild, nutty flavor with a gentle sweetness. The holes, or \"eyes,\" develop during the fermentation process, giving it a recognizable and traditional look. This particular cheese is ideal for sandwiches, melting in hot dishes such as fondue or casseroles, or simply enjoying as part of a cheese platter.\n\nCalifornia Select Farms emphasizes quality and taste, ensuring this Swiss cheese offers consistent flavor and texture suitable for everyday use or entertaining. The sliced format adds convenience, making it easy to use straight from the package without additional slicing. Overall, this Swiss cheese combines authentic characteristics with practical packaging, suitable for both retail and culinary applications.",
    "image_url": "https://shop.kimelo.com/_next/image?url=https%3A%2F%2Fd3tlizm80tjdt4.cloudfront.net%2Fimage%2F8967%2Fimage%2Fsm-e52f47ae6c00dd8381ee99b9ffda17dd.jpeg&w=3840&q=50",
    "metadata": {
      "cheese_type": "Cheese, Swiss, Sliced, (8) 1.5 Lb - 103602",
      "source_url": "https://shop.kimelo.com/sku/cheese-swiss-sliced-8-15-lb-103602/103602",
      "brand": "California Select Farms",
      "cheese_form": "Sliced Cheese",
      "sku": 103602,
      "upc": 103602,
      "price_per_lb": 5.41,
      "price_each": 8.12,
      "lb_per_each": 1.5,
      "case": "No"
    },
    "id": "2bc409b9cea20d6547bca69f5d30b6bf",
    "processed_at": "2025-05-08T14:50:34.158357"
  },
  {
    "description": "This product is Laura Chenel's Chef's Chevre, a specialty goat cheese presented in a tub form. Packaged in a simple white container with a labeled lid featuring the Laura Chenel logo, this cheese emphasizes freshness and ease of use, ideal for culinary professionals or cheese enthusiasts who prefer a versatile, spreadable form.\n\n**Appearance and Texture:**\nThough the interior is not visible, Chef's Chevre typically offers a smooth, creamy, and spreadable texture characteristic of fresh goat cheese. The cheese is white to off-white in color, reflecting its fresh, unaged nature. Its consistency allows it to be easily incorporated into recipes or spread directly on breads and crackers.\n\n**Characteristics:**\nLaura Chenel’s Chef's Chevre is known for a bright, tangy, and slightly earthy flavor profile typical of premium goat cheese. It usually balances a fresh acidity with subtle creaminess, making it highly adaptable for both savory dishes and cheese boards. The product's freshness ensures vibrant flavor and a smooth mouthfeel.\n\n**Origin:**\nLaura Chenel is a prestigious American brand renowned for pioneering artisanal goat cheese production in the United States, based in California. Their cheeses, including this Chef's Chevre, reflect a tradition of high-quality craftsmanship using fresh goat’s milk.\n\n**Typical Uses:**\nThis cheese is ideal for chefs due to its tub packaging and large quantity (2 tubs of 4 lbs each), making it perfect for culinary applications. It can be used as a spread on bread or",
    "image_url": "https://shop.kimelo.com/_next/image?url=https%3A%2F%2Fd3tlizm80tjdt4.cloudfront.net%2Fremote_images%2Fimage%2F7584%2Fsmall%2Fb039cbd43e667de1a64536054485d5b35e81ec59d3181edf0f.jpg&w=3840&q=50",
    "metadata": {
      "cheese_type": "Cheese, Goat, Chefs, Chevre, Tub, (2) 4 Lb - 103638",
      "source_url": "https://shop.kimelo.com/sku/cheese-goat-chefs-chevre-tub-2-4-lb-103638/103638",
      "brand": "Laura Chenel",
      "cheese_form": "Specialty Cheese",
      "sku": 103638,
      "upc": 103638,
      "price_per_lb": 9.42,
      "price_each": 37.66,
      "lb_per_each": 4.0,
      "case": "No"
    },
    "id": "a154a4459a400496cf45eb3d816e77ea",
    "processed_at": "2025-05-08T14:50:43.163959"
  },
  {
    "description": "This product is President Crumbled Goat Cheese, presented as a specialty cheese in a convenient 2-pound package. The cheese consists of soft, white, crumbled goat cheese curds with a delicate and slightly tangy flavor profile characteristic of fresh goat cheese. The texture appears crumbly yet creamy, making it versatile for a variety of culinary uses.\n\nThe cheese’s pure white appearance and crumbly form make it ideal for sprinkling over salads, pastas, roasted vegetables, or incorporating into baked dishes for added richness and a subtle tang. Its fresh goat milk origin imparts a clean, slightly earthy taste that can enhance both savory and some sweet recipes.\n\nPackaged in a clear, resealable bag, the cheese maintains freshness and ease of storage. With a price point of $33.40 for the full 2-pound pack—or $8.35 per pound—this product offers quality goat cheese suitable for both home use and professional kitchens.\n\nOverall, President Crumbled Goat Cheese is a premium specialty cheese with a fresh, mild tang and creamy texture, well-suited for enhancing a broad range of dishes with a refined goat cheese character.",
    "image_url": "https://shop.kimelo.com/_next/image?url=https%3A%2F%2Fd3tlizm80tjdt4.cloudfront.net%2Fremote_images%2Fimage%2F1031%2Fsmall%2F1eadcc43f580efc477560afb62f337d4bfeb222e8f63032220.jpg&w=3840&q=50",
    "metadata": {
      "cheese_type": "Cheese, Goat, Crumbled, 2/2 Lb - 123365",
      "source_url": "https://shop.kimelo.com/sku/cheese-goat-crumbled-22-lb-123365/123365",
      "brand": "President",
      "cheese_form": "Specialty Cheese",
      "sku": 123365,
      "upc": 123365,
      "price_per_lb": 8.35,
      "price_each": 33.4,
      "lb_per_each": 4.0,
      "case": "No"
    },
    "id": "90191b62ff8c5a9bcda25606322dff2f",
    "processed_at": "2025-05-08T14:50:52.450597"
  },
  {
    "description": "This image showcases a bulk container of cream cheese, identified as \"Cheese, Cream, Bulk, 30 Lb\" from the brand Packer. The cream cheese is presented in a smooth, soft, and spreadable form, typical of cream cheese products. Its color is a clean, bright white, reflecting a fresh and creamy consistency with a slightly glossy surface, indicating moisture content that ensures softness.\n\nCream cheese is known for its mild, slightly tangy flavor and rich, velvety texture. The bulk packaging suggests it is intended for commercial or bulk use, suitable for bakeries, restaurants, or food service operations requiring large quantities.\n\nPacker's cream cheese is versatile, often used as a spread on bagels and crackers, a key ingredient in cheesecakes, dips, frostings, and various savory dishes. With a price point around $2.34 per pound and a total weight of 30 pounds, it offers value for large-scale culinary applications.\n\nOverall, this cream cheese is a high-quality dairy product designed to deliver creamy richness and smooth texture, ideal for both sweet and savory recipes.",
    "image_url": "https://shop.kimelo.com/_next/image?url=https%3A%2F%2Fd3tlizm80tjdt4.cloudfront.net%2Fremote_images%2Fimage%2F7674%2Fsmall%2Fd6f2f5e1dcdf0874f7bfedc969aead3f8aa0af8033196b2d75.jpg&w=3840&q=50",
    "metadata": {
      "cheese_type": "Cheese, Cream, Bulk, 30 Lb - 103662",
      "source_url": "https://shop.kimelo.com/sku/cheese-cream-bulk-30-lb-103662/103662",
      "brand": "Packer",
      "cheese_form": "Cream Cheese",
      "sku": 103662,
      "upc": 103662,
      "price_per_lb": 2.34,
      "price_each": 70.05,
      "lb_per_each": 29.94,
      "case": "No"
    },
    "id": "22ae1ee2d6c35375d7647acb29c2c63d",
    "processed_at": "2025-05-08T14:50:59.362721"
  },
  {
    "description": "This product is Gopi brand Paneer, a popular Indian cheese, presented here in sliced form for convenience. Paneer is a fresh, non-aged cheese traditionally made by curdling milk with lemon juice or vinegar and then pressing the curds into a firm block. \n\n**Appearance:**  \nThe cheese is a creamy white to pale color, typical of fresh paneer, reflecting its mild, unaged nature. The packaging reveals neatly sliced portions, making it easy to use directly in cooking without additional preparation.\n\n**Texture:**  \nPaneer is firm yet crumbly, with a dense, non-melting texture that holds its shape well when cooked. This characteristic makes it ideal for frying, grilling, or adding to curries without disintegrating.\n\n**Origin and Uses:**  \nPaneer is a staple in Indian cuisine, widely appreciated for its mild flavor and versatility. It is commonly used in dishes like palak paneer, paneer tikka, and mattar paneer. Because it is made from milk, it’s rich in protein and calcium, and being vegetarian, it’s a favored cheese among those who avoid animal rennet.\n\n**Product Specifications:**  \n- Brand: Gopi  \n- Net Weight: 15 oz (approx. 425 grams)  \n- Price: $94.00 per unit, with a price per pound of $7.23 (unit weighs about 2 pounds, price per pound accordingly adjusted)  \n- SKU: 124005  \n- UPC:",
    "image_url": "https://shop.kimelo.com/_next/image?url=https%3A%2F%2Fd3tlizm80tjdt4.cloudfront.net%2Fremote_images%2Fimage%2F1912%2Fsmall%2Ff31c646bfa3f07281c27762b126aee2f792632f3d44342335b.jpg&w=3840&q=50",
    "metadata": {
      "cheese_type": "Cheese, Paneer, Gopi, 15/14 Oz 124005",
      "source_url": "https://shop.kimelo.com/sku/cheese-paneer-gopi-1514-oz-124005/124005",
      "brand": "Gopi",
      "cheese_form": "Sliced Cheese",
      "sku": 124005,
      "upc": 124005,
      "price_per_lb": 7.23,
      "price_each": 94.0,
      "lb_per_each": 13.0,
      "case": "No"
    },
    "id": "d8c3a5677ac0b537c7733529ebe899d1",
    "processed_at": "2025-05-08T14:51:10.008102"
  },
  {
    "description": "This product is a high-quality Swiss cheese loaf from the brand Pacific Cheese, labeled as Grade A and weighing approximately 8 pounds. The cheese is presented in a sliced form, making it convenient for immediate use in sandwiches, melting, or snacking.\n\nAppearance-wise, the cheese exhibits the classic pale yellow hue typical of Swiss cheese, with its smooth, consistent texture. While the image does not show the interior holes commonly associated with Swiss cheese, the product is likely to have the characteristic small holes (or \"eyes\") developed through its traditional fermentation process.\n\nTexture and characteristics: Swiss cheese is known for its semi-hard texture that is smooth and slightly elastic, which makes it versatile in various culinary applications. It has a mild, nutty flavor with a subtle sweetness and hints of buttery undertones that enhance its appeal.\n\nOrigin and typical uses: Swiss cheese originates from Switzerland, where it is traditionally crafted from cow's milk. This cheese is widely used in sandwiches, fondue, gratins, and as a melting cheese in recipes such as cheeseburgers or grilled cheese sandwiches. Its mild flavor pairs well with a range of foods without overpowering them.\n\nPrice and packaging: This Pacific Cheese Swiss cheese loaf is priced at $33.60 per pound, reflecting its Grade A quality and substantial 8 lb size. The packaging features a branded wrap with green and yellow accents, emphasizing the product's Swiss cheese identity and assuring freshness.\n\nOverall, Pacific Cheese's Grade A Swiss Cheese Loaf offers a versatile,",
    "image_url": "https://shop.kimelo.com/_next/image?url=https%3A%2F%2Fd3tlizm80tjdt4.cloudfront.net%2Fremote_images%2Fimage%2F8356%2Fsmall%2Faff0b27efbbacc48d63e4ae9d5ec402d6b6afe2ad94847dca5.jpg&w=3840&q=50",
    "metadata": {
      "cheese_type": "Cheese, Swiss, Loaf, Grade A, 8 Lb Avg (6)",
      "source_url": "https://shop.kimelo.com/sku/cheese-swiss-loaf-grade-a-8-lb-avg-6/374191",
      "brand": "Pacific Cheese",
      "cheese_form": "Sliced Cheese",
      "sku": 374191,
      "upc": 374191,
      "price_per_lb": 33.6,
      "price_each": 33.6,
      "lb_per_each": 1.0,
      "case": "No"
    },
    "id": "63afaa837d15be5f206b115cdf1507e0",
    "processed_at": "2025-05-08T14:51:18.738133"
  },
  {
    "description": "This product is a Cheswick brand Pepper Jack cheese loaf, identified by SKU 103672. The cheese is presented in a rectangular loaf form, weighing approximately 5.01 pounds per unit. \n\n**Appearance and Texture:**  \nThe Pepper Jack cheese features a pale ivory base color, speckled with an assortment of red and green peppers, characteristic of this variety. The peppers are finely dispersed throughout the cheese, giving it a visually appealing and vibrant look. The texture appears smooth and semi-soft, typical for Pepper Jack, which balances creaminess with slight firmness to allow for easy slicing.\n\n**Characteristics:**  \nPepper Jack is a variety of Monterey Jack cheese infused with spicy chili peppers and herbs, lending it a mildly spicy and tangy flavor profile. The cheese combines a creamy, buttery texture with subtle heat and a touch of zest from the peppers. This makes it versatile for both direct consumption and culinary use.\n\n**Origin and Uses:**  \nCheswick’s Pepper Jack is a popular American cheese known for its fusion of mild Jack cheese with peppery spice elements. It is especially favored in Southwestern and Tex-Mex cooking. This cheese loaf is ideal for slicing onto sandwiches, melting in quesadillas or grilled cheese, or cubing for cheese platters. Its mild heat also complements burgers, salads, and dips.\n\n**Pricing:**  \nThe cheese loaf is priced at $17.47 per unit, translating to $3.49 per pound, offering a good value for a large, flavorful",
    "image_url": "https://shop.kimelo.com/_next/image?url=https%3A%2F%2Fd3tlizm80tjdt4.cloudfront.net%2Fimage%2F15256%2Fimage%2Fsm-6c299387672a8119d43997e98fcbcfc1.png&w=3840&q=50",
    "metadata": {
      "cheese_type": "Cheese, Pepper Jack, Loaf (8) 103672",
      "source_url": "https://shop.kimelo.com/sku/cheese-pepper-jack-loaf-8-103672/103672",
      "brand": "Cheswick",
      "cheese_form": "Cheese Loaf",
      "sku": 103672,
      "upc": 103672,
      "price_per_lb": 3.49,
      "price_each": 17.47,
      "lb_per_each": 5.01,
      "case": "No"
    },
    "id": "dae6abb58a0946658a94863a131ac234",
    "processed_at": "2025-05-08T14:51:27.795644"
  },
  {
    "description": "This product is a shredded cheese blend, specifically a Jack & Cheddar combination, marketed under the Packer brand. The cheese is prepared in a feather cut, which means the shreds are thin and slightly curved, allowing for easy melting and even distribution across dishes.\n\n### Appearance and Texture:\nThe cheese blend features a visually appealing mix of pale white from the Jack cheese and a rich golden-yellow from the Cheddar. The shredded form lends itself to a light, fluffy texture that is ideal for topping, mixing, or melting. Each shred maintains a consistent size, roughly 1-2 inches long, which facilitates quick melting and integrates smoothly into recipes.\n\n### Characteristics and Taste Profile:\n- **Jack Cheese:** Known for its creamy and mild flavor, Jack cheese adds a smooth texture with a subtle, buttery richness that balances well with sharper cheeses.\n- **Cheddar Cheese:** This part of the blend contributes a sharper, more pronounced flavor with slight tanginess and depth, typical of traditional Cheddar.\n\nTogether, the blend offers a harmonious balance of mild creaminess and sharp robustness, making it versatile for many culinary applications.\n\n### Origin and Uses:\nJack and Cheddar cheese blends are frequently used in both home cooking and commercial kitchens due to their all-purpose nature. They are popular in Tex-Mex dishes, salads, casseroles, sandwiches, and as toppings on pizzas or baked potatoes. The feather cut ensures that the cheese melts uniformly, creating smooth, creamy overlays or pockets of flavorful melted cheese.\n\n### Packaging",
    "image_url": "https://shop.kimelo.com/_next/image?url=https%3A%2F%2Fd3tlizm80tjdt4.cloudfront.net%2Fremote_images%2Fimage%2F7242%2Fsmall%2F45efa6a9c307f7f9d844c75f7ef87eab93a985461d20a81030.jpg&w=3840&q=50",
    "metadata": {
      "cheese_type": "Cheese, Shredded, Jack & Cheddar Blend, Feather, 4/5 Lb 125787",
      "source_url": "https://shop.kimelo.com/sku/cheese-shredded-jack-cheddar-blend-feather-45-lb-125787/125787",
      "brand": "Packer",
      "cheese_form": "Shredded Cheese",
      "sku": 125787,
      "upc": 125787,
      "price_per_lb": 2.78,
      "price_each": 55.56,
      "lb_per_each": 19.99,
      "case": "No"
    },
    "id": "b76fd62b3c03d0f9282243e19715e5ca",
    "processed_at": "2025-05-08T14:51:36.365778"
  },
  {
    "description": "This is El Mexicano brand Queso Fresco Casero, a specialty cheese known for its fresh and mild flavor profile. The cheese is presented in a traditional circular form, covered with a white rind and labeled with a colorful, authentic Mexican design emphasizing its heritage.\n\n**Appearance and Texture:**  \nQueso Fresco Casero is a soft, fresh cheese that typically has a crumbly yet slightly creamy texture. It is usually white or off-white in color and maintains a moist consistency, which lends itself well to crumbling and melting. This cheese’s texture makes it versatile; it can be easily sliced, crumbled, or grated depending on the intended use.\n\n**Characteristics:**  \n- Made from whole milk, ensuring a rich and full flavor profile.  \n- 100% natural with no added preservatives, which retains the authentic fresh cheese taste.  \n- Mild, slightly tangy, and clean flavor, characteristic of fresh Mexican cheeses.  \n- Typically enjoyed fresh, so it should be kept refrigerated to maintain its texture and flavor.\n\n**Origin and Use:**  \nQueso Fresco, meaning \"fresh cheese\" in Spanish, is a staple in Mexican cuisine. It is often used as a topping for dishes such as tacos, enchiladas, beans, and salads. Its mild taste complements spicy and savory dishes, adding a pleasant creaminess without overpowering other flavors. The term \"Casero\" implies a homemade or traditional style, highlighting its artisanal roots.\n\n**Product Details:**",
    "image_url": "https://shop.kimelo.com/_next/image?url=https%3A%2F%2Fd3tlizm80tjdt4.cloudfront.net%2Fimage%2F13392%2Fimage%2Fsm-a1beb72594462199dfe813034c8f0f08.png&w=3840&q=50",
    "metadata": {
      "cheese_type": "Cheese, Queso Fresco, Casero, Bulk 12 Lbs - 112596",
      "source_url": "https://shop.kimelo.com/sku/cheese-queso-fresco-casero-bulk-12-lbs-112596/112596",
      "brand": "El Mexicano",
      "cheese_form": "Specialty Cheese",
      "sku": 112596,
      "upc": 112596,
      "price_per_lb": 4.12,
      "price_each": 49.39,
      "lb_per_each": 11.99,
      "case": "No"
    },
    "id": "c228ace569475fb882cc52a451f55f1b",
    "processed_at": "2025-05-08T14:51:49.329892"
  },
  {
    "description": "This product is a 10 lb block of Hoffman’s Sharp White Cheddar Cheese, presented in a sliced form. The cheese exhibits a clean, creamy white appearance characteristic of white cheddar varieties, which have not been colored with annatto. The block is neatly packaged within a cardboard box for secure handling and storage.\n\nHoffman's sharp white cheddar offers a firm yet slightly pliable texture typical of aged cheddar cheeses, delivering a pronounced tangy and sharp flavor profile that intensifies with age. The sharpness provides a robust depth of flavor, making it ideal for those who appreciate a strong cheddar experience.\n\nOriginating from the U.S., Hoffman's cheddar is well-regarded for its consistent quality and classic taste. This sizeable 10-pound portion is particularly suited for commercial use in food service environments or for consumers seeking bulk supply for frequent use.\n\nTypical culinary applications for this sharp white cheddar include slicing for sandwiches, melting over burgers, enhancing casseroles, and grating into salads or pasta dishes. Its sharp flavor pairs well with fruits, nuts, and charcuterie boards, elevating a variety of dishes.\n\nPrice-wise, the product is competitively positioned at $41.88 per 10 lb block, equating to approximately $4.19 per pound, which reflects good value for a sharp, aged cheddar of this quality.\n\nIn summary, Hoffman’s Sharp White Cheddar Cheese in this sliced 10 lb block form is ideal for culinary professionals and cheese enthusiasts who desire a sharp, flavorful cheese that is",
    "image_url": "https://shop.kimelo.com/_next/image?url=https%3A%2F%2Fd3tlizm80tjdt4.cloudfront.net%2Fimage%2F16001%2Fimage%2Fsm-d62189f66ce8c51c9bbbd406104ca89e.png&w=3840&q=50",
    "metadata": {
      "cheese_type": "Cheese, Cheddar, Sharp, White, 10 Lb - 111680",
      "source_url": "https://shop.kimelo.com/sku/cheese-cheddar-sharp-white-10-lb-111680/111680",
      "brand": "Hoffman`s",
      "cheese_form": "Sliced Cheese",
      "sku": 111680,
      "upc": 111680,
      "price_per_lb": 4.19,
      "price_each": 41.88,
      "lb_per_each": 10.0,
      "case": "No"
    },
    "id": "8f5f6ee5f0296c9b7a78e7d681089398",
    "processed_at": "2025-05-08T14:51:55.899074"
  },
  {
    "description": "This product is Galbani Professional Shredded Mozzarella Cheese, a specialty cheese offered in a convenient shredded form. The packaging features a distinctive red label with the Galbani brand prominently displayed, emphasizing its professional-grade quality intended for culinary use.\n\n**Appearance and Texture:**  \nThe cheese is finely shredded, presenting a uniform pale cream to off-white color typical of mozzarella. This shredded form lends itself well to even melting and easy integration into a variety of dishes. Mozzarella is known for its smooth, elastic texture and a slightly moist consistency, characteristics that this shredded version maintains to provide excellent meltability and stretch.\n\n**Cheese Characteristics:**  \nMozzarella, traditionally made from cow’s milk, is prized for its mild, delicate, and milky flavor profile, which works harmoniously in both hot and cold preparations. This shredded mozzarella is labeled as “Wmlm” which suggests it contains whole milk, enhancing the richness and creaminess compared to lower-fat variations.\n\n**Origin and Brand:**  \nGalbani is an established brand with Italian roots, known worldwide for producing authentic Italian cheeses with consistent quality. Their professional line targets foodservice and culinary professionals who require reliable cheese that performs well in cooking environments.\n\n**Typical Uses:**  \nThis shredded mozzarella is ideal for a wide range of culinary applications including pizzas, casseroles, salads, baked pasta dishes, sandwiches, and appetizers. Its shredded form allows for quick, even melting and convenient portioning without additional prep work, making it an",
    "image_url": "https://shop.kimelo.com/_next/image?url=https%3A%2F%2Fd3tlizm80tjdt4.cloudfront.net%2Fremote_images%2Fimage%2F2018%2Fsmall%2Fe6aa96eb9c4f11476e530c078ea7e9331b62c1f1b0bd80fbcd.jpg&w=3840&q=50",
    "metadata": {
      "cheese_type": "Cheese, Mozzarella, Wmlm, Shredded, Red Label, 6/5 Lb 124189",
      "source_url": "https://shop.kimelo.com/sku/cheese-mozzarella-wmlm-shredded-red-label-65-lb-124189/124189",
      "brand": "Galbani",
      "cheese_form": "Specialty Cheese",
      "sku": 124189,
      "upc": 124189,
      "price_per_lb": 3.19,
      "price_each": 95.83,
      "lb_per_each": 30.04,
      "case": "No"
    },
    "id": "eb0f4bddbfd0ca87d5ef7cbfaa266df3",
    "processed_at": "2025-05-08T14:52:06.785266"
  },
  {
    "description": "This product is California Gold's Mozzarella Cheese, presented in a large loaf form. Its clean, pale ivory color is typical of fresh mozzarella, indicating a mild and creamy profile. The loaf shape suggests that it is designed for easy slicing, dicing, or shredding, making it ideal for foodservice or commercial use.\n\nMozzarella cheese, especially in a low-moisture variety such as this one (Lmwm — Low Moisture Whole Milk), is known for its smooth texture and excellent melting characteristics, making it a staple in Italian cuisine. It is especially favored for pizzas, baked pasta dishes, sandwiches, and salads due to its mild flavor and superior stretch when melted.\n\nMade by California Gold, a reputable brand, this cheese offers consistency and quality suitable for both professional kitchens and bulk buyers. The SKU 125724 and UPC code ensure easy tracking and ordering.\n\nPricing is set at $2.17 per pound, with the full loaf weighing approximately 47.96 pounds, making the total cost around $104.08 per unit. This reflects its positioning as a high-quality bulk cheese product tailored for commercial food preparation.\n\nIn summary, this California Gold Low Moisture Whole Milk Mozzarella Cheese loaf provides a versatile, professional-grade cheese option, renowned for its smooth texture, mild flavor, and melting properties, essential for numerous culinary applications.",
    "image_url": "https://shop.kimelo.com/_next/image?url=https%3A%2F%2Fd3tlizm80tjdt4.cloudfront.net%2Fremote_images%2Fimage%2F7214%2Fsmall%2Fe9ab65ec35fd13418c56e43a697f0cd6f2464279cf92c5e10b.jpg&w=3840&q=50",
    "metadata": {
      "cheese_type": "Cheese, Mozzarella, Lmwm, Cali Gold, Loaf, 8/6 Lb 125724",
      "source_url": "https://shop.kimelo.com/sku/cheese-mozzarella-lmwm-cali-gold-loaf-86-lb-125724/125724",
      "brand": "California Gold",
      "cheese_form": "Cheese Loaf",
      "sku": 125724,
      "upc": 125724,
      "price_per_lb": 2.17,
      "price_each": 104.08,
      "lb_per_each": 47.96,
      "case": "No"
    },
    "id": "0e46182e98a17233ee6580c8807f6316",
    "processed_at": "2025-05-08T14:52:16.475837"
  },
  {
    "description": "This product is a specialty Bulgarian Feta cheese by Atalanta, characterized as a white brined sheep’s milk cheese. The cheese is traditionally made in Bulgaria, a country renowned for its rich dairy heritage and skilled cheesemaking. This particular Feta is stored and aged in a brine solution, which is a hallmark of authentic feta-style cheeses, ensuring its distinctively tangy, salty flavor and moist, crumbly texture.\n\nThe cheese is packaged in a large, sealed container weighing approximately 1/7 of a kilogram, suitable for bulk use in culinary settings such as restaurants or specialty food shops. Its appearance is typical of feta cheese—bright white with a firm yet slightly crumbly texture, ideal for crumbling over salads, incorporating into pastries, or serving as part of Mediterranean dishes.\n\nThe sheep's milk base provides a richer, creamier profile compared to cow’s milk feta, delivering a more complex flavor with subtle tangy and herbal notes. It is well-suited for marinating, baking, or pairing with fresh vegetables and robust olive oils.\n\nIn terms of product specifics:\n- Cheese Type: Bulgarian Feta, Sheep's Milk\n- Form: Specialty cheese in brine\n- Brand: Atalanta\n- Packaging Size: 1/7 kilogram bulk container\n- Price: $72.00 per unit, equating to about $4.80 per pound, with an approximate weight cost of $15.00 per pound.\n\nThis Atalanta Bulgarian Feta offers",
    "image_url": "https://shop.kimelo.com/_next/image?url=https%3A%2F%2Fd3tlizm80tjdt4.cloudfront.net%2Fimage%2F6242%2Fimage%2Fsm-9063431364cbcf7278cdde3f4d5f47fb.jpg&w=3840&q=50",
    "metadata": {
      "cheese_type": "Cheese, Feta, Bulgarian, In Brine, 1/7 Kg - 106845",
      "source_url": "https://shop.kimelo.com/sku/cheese-feta-bulgarian-in-brine-17-kg-106845/106845",
      "brand": "Atalanta",
      "cheese_form": "Specialty Cheese",
      "sku": 106845,
      "upc": 106845,
      "price_per_lb": 4.8,
      "price_each": 72.0,
      "lb_per_each": 15.0,
      "case": "No"
    },
    "id": "d5e82e7fd034ee641d2cd9a1eb9e2490",
    "processed_at": "2025-05-08T14:52:25.225866"
  },
  {
    "description": "This product is Galbani Fresh Mozzarella Ovoline, a specialty cheese offering that comes in a 2/3 lb container. Galbani, a well-known Italian brand with a rich heritage dating back to 1882, is recognized for producing high-quality Italian cheeses, and this mozzarella is no exception.\n\n### Appearance and Form:\nThe cheese is presented in the \"Ovoline\" form, which refers to small, egg-shaped portions of fresh mozzarella. Fresh mozzarella typically has a smooth, glossy, and soft white exterior that reflects its freshness and moisture content. The cheese has a semi-translucent, milky-white color that is characteristic of high-quality mozzarella.\n\n### Texture and Characteristics:\nFresh mozzarella like this Galbani Ovoline is known for its delicate, tender, and supple texture. It is moist, creamy, and elastic, offering a mild milky flavor with subtle milky-sweet notes. The cheese retains a high moisture content, which gives it that characteristic soft bite and stretchiness, ideal for melting or enjoying fresh.\n\n### Origin:\nGalbani is an iconic Italian brand, and while this product is made in the USA, it upholds the traditional Italian cheese-making methods that ensure authentic flavor and quality.\n\n### Typical Uses:\nFresh mozzarella Ovoline is extremely versatile in culinary use. It is perfect for salads like Caprese, where its fresh and mild profile complements ripe tomatoes and basil. It melts beautifully, making it ideal for pizzas, lasagn",
    "image_url": "https://shop.kimelo.com/_next/image?url=https%3A%2F%2Fd3tlizm80tjdt4.cloudfront.net%2Fremote_images%2Fimage%2F1050%2Fsmall%2F4d39f5a7140280525c6242eaa3c6a455f2fea2640ccdf683fe.jpg&w=3840&q=50",
    "metadata": {
      "cheese_type": "Cheese, Mozzarella, Fresh, Ovoline, Galbani, 2/3 Lb - 123382",
      "source_url": "https://shop.kimelo.com/sku/cheese-mozzarella-fresh-ovoline-galbani-23-lb-123382/123382",
      "brand": "Galbani",
      "cheese_form": "Specialty Cheese",
      "sku": 123382,
      "upc": 123382,
      "price_per_lb": 5.78,
      "price_each": 34.67,
      "lb_per_each": 6.0,
      "case": "No"
    },
    "id": "d845082135735d2a40eab4a2f97740c8",
    "processed_at": "2025-05-08T14:52:37.071308"
  },
  {
    "description": "This is a specialty imported feta cheese from the brand Ziria, known for its traditional production methods using a blend of sheep and goat milk. This particular product is a 14 kg tin, a size well-suited for commercial or extensive culinary use, reflecting its premium and bulk nature.\n\nThe cheese, contained within a sturdy metal tin, highlights its preservation in brine, a typical characteristic of authentic feta that helps maintain its freshness and texture over time. Feta from Ziria tends to have a creamy yet crumbly texture that breaks apart easily, displaying a characteristic white color and a slightly grainy appearance when cut.\n\nOriginating from Greece, Ziria feta is celebrated for its rich, tangy flavor balanced by the subtle sweetness from both sheep and goat milk, contributing to a complex flavor profile that is both savory and mildly acidic. This makes it exceptionally versatile in various culinary applications, excellent for salads, pastries, and Mediterranean dishes, or simply enjoyed as a flavorful table cheese.\n\nPriced at $166.17 for the full 14 kg tin, it is positioned as a high-quality specialty cheese, costing approximately $5.36 per pound, which reflects its premium quality and artisanal production process. The SKU and UPC, both 124111, streamline identification in inventories and sales systems. Overall, Ziria’s feta cheese is a distinguished choice for chefs and gourmet enthusiasts seeking authentic Greek feta with a rich heritage.",
    "image_url": "https://shop.kimelo.com/_next/image?url=https%3A%2F%2Fd3tlizm80tjdt4.cloudfront.net%2Fremote_images%2Fimage%2F2224%2Fsmall%2F7cb4d700b40ef33831a2d0c139d2be7237896927905a07bab6.jpg&w=3840&q=50",
    "metadata": {
      "cheese_type": "Cheese, Feta, Sheep/goat, Imported, Ziria, 14 Kg 124111",
      "source_url": "https://shop.kimelo.com/sku/cheese-feta-sheepgoat-imported-ziria-14-kg-124111/124111",
      "brand": "Ziria",
      "cheese_form": "Specialty Cheese",
      "sku": 124111,
      "upc": 124111,
      "price_per_lb": 5.36,
      "price_each": 166.17,
      "lb_per_each": 31.0,
      "case": "No"
    },
    "id": "d8c5c310ed0b8221b74914c445171050",
    "processed_at": "2025-05-08T14:52:48.139211"
  },
  {
    "description": "This product is a bulk package of American Swiss cheese, specifically processed and sliced for convenient use. It consists of 120 individual slices divided across four packs, each weighing a total of 5 pounds, summing to a net weight of 20 pounds (approximately 9.07 kg). \n\n**Appearance and Characteristics:**\nThe cheese slices display the classic pale yellow hue typical of Swiss-style cheeses. American Swiss cheese is characterized by its smooth texture and mild, slightly buttery flavor, making it versatile for many culinary applications. The processed nature of this cheese ensures consistent slice thickness and uniformity, ideal for sandwiches and melting.\n\n**Texture:**\nBeing processed, the cheese has a smooth, pliable texture that melts evenly without separating. This makes it excellent for use in hot sandwiches, burgers, or as a topping for various dishes that require gentle melting.\n\n**Origin and Brand:**\nThis American Swiss cheese is produced under the Commodity Cheese brand, known for providing large quantities of reliable and affordable cheese products, mainly for commercial or foodservice use.\n\n**Typical Uses:**\nThe cheese’s mild taste and excellent meltability make it suitable for everyday uses such as deli sandwiches, cheeseburgers, grilled cheese, casseroles, or as an addition to cheese platters. Its processed sliced form streamlines prep time in busy kitchens or cafeterias.\n\n**Pricing:**\n- Price per pack (5 lbs): $19.47\n- Price per pound: $3.89\n- Total weight per product",
    "image_url": "https://shop.kimelo.com/_next/image?url=https%3A%2F%2Fd3tlizm80tjdt4.cloudfront.net%2Fimage%2F1474%2Fimage%2Fsm-f655d358744b5afb25fbb0300dcbd7e9.jpg&w=3840&q=50",
    "metadata": {
      "cheese_type": "Cheese, Swiss, Sliced, Processed, 120 Ct, (4) 5 Lb - 100014",
      "source_url": "https://shop.kimelo.com/sku/cheese-swiss-sliced-processed-120-ct-4-5-lb-100014/100014",
      "brand": "Commodity Cheese",
      "cheese_form": "Sliced Cheese",
      "sku": 100014,
      "upc": 100014,
      "price_per_lb": 3.89,
      "price_each": 19.47,
      "lb_per_each": 5.01,
      "case": "No"
    },
    "id": "d940da8008206a62b57b072fea67f8c3",
    "processed_at": "2025-05-08T14:52:58.659739"
  },
  {
    "description": "This is a single serving portion of Philadelphia Original Cream Cheese, a product from Kraft, a well-established brand known for its quality dairy offerings since 1872. The cream cheese is presented in a convenient cup format, ideal for individual use or on-the-go consumption.\n\nAppearance and Texture:\nPhiladelphia Original Cream Cheese features a smooth, creamy texture with a slightly glossy surface typical of fresh cream cheese. The product is off-white in color and shows a dense but spreadable consistency, perfect for easy application on bagels, toast, and crackers.\n\nCharacteristics:\nThis cream cheese is known for its rich, mild, and tangy flavor profile, which is achieved by using pasteurized nonfat milk and milkfat combined with whey protein concentrate. It contains no artificial flavors, emphasizing purity and freshness. The inclusion of stabilizers such as carob bean gum, xanthan gum, and guar gum ensures the texture remains smooth and consistent without separation.\n\nOrigin and Use:\nPhiladelphia cream cheese originates from the United States and carries a legacy associated with premium quality dairy products. It is a versatile kitchen staple useful for spreading, cooking, and baking. Its creamy nature makes it perfect for cheesecakes, dips, frostings, and savory recipes requiring a smooth dairy base.\n\nPackaging and Storage:\nPackaged in a sealed individual cup weighing 1 oz (28.3 g), it is designed for convenience and portion control. The cup emphasizes refrigeration to maintain freshness but advises against freezing, as freezing can alter the creamy texture negatively.\n\nPricing",
    "image_url": "https://shop.kimelo.com/_next/image?url=https%3A%2F%2Fd3tlizm80tjdt4.cloudfront.net%2Fremote_images%2Fimage%2F9657%2Fsmall%2F5ab654f51d8f2e0ef8a931a3ab768ea564c152a1904483a59b.jpg&w=3840&q=50",
    "metadata": {
      "cheese_type": "Cheese, Cream Cheese, Philadelphia, Portions, Cups - 111589",
      "source_url": "https://shop.kimelo.com/sku/cheese-cream-cheese-philadelphia-portions-cups-111589/41530",
      "brand": "Kraft",
      "cheese_form": "Cream Cheese",
      "sku": 41530,
      "upc": 41530,
      "price_per_lb": 0.51,
      "price_each": 51.49,
      "lb_per_each": 100.96,
      "case": "No"
    },
    "id": "03d52d7683387bb9794fe0a2724d4088",
    "processed_at": "2025-05-08T14:53:05.385205"
  },
  {
    "description": "This product is a specialty cheese from California Gold, specifically a loaf of Mozzarella cheese identified as \"Pslm.\" It is packaged in a sizable format—a substantial block weighing 6 pounds, with an 8-loaf pack option available. The cheese boasts a smooth, creamy-white appearance typical of fresh mozzarella, which is well-known for its mild, milky flavor and excellent melting properties.\n\nMozzarella cheese like this California Gold loaf is prized for its soft, elastic texture when fresh, making it ideal for a wide range of culinary uses. This includes traditional applications such as topping pizzas, layering in lasagnas, or melting over sandwiches, as well as slicing for fresh salads and appetizers. The loaf format is especially suitable for foodservice environments or large-scale kitchens where portion control and versatility are important.\n\nFrom the label visible in the image, this cheese is vacuum-sealed to maintain freshness and extend shelf life. The packaging also indicates nutritional facts and brand-specific quality assurances.\n\nPricing is competitive for specialty cheese, with a price per pound of $2.09, reflecting both the volume and quality of the product.\n\nIn summary, the California Gold Mozzarella Loaf (SKU 125986) offers a fresh, soft texture and mild flavor typical of traditional mozzarella, packaged in a convenient large form for professional or bulk use. Its versatility in cooking and attractive mild creamy profile make it a valuable cheese for a variety of culinary applications.",
    "image_url": "https://shop.kimelo.com/_next/image?url=https%3A%2F%2Fd3tlizm80tjdt4.cloudfront.net%2Fremote_images%2Fimage%2F7730%2Fsmall%2F66c3c8d496d6f67e6986f5b051fc2aa6406223c1602f88978c.jpg&w=3840&q=50",
    "metadata": {
      "cheese_type": "Cheese, Mozzarella, Pslm, Cali Gold, Loaf, 8/6 Lb 125986",
      "source_url": "https://shop.kimelo.com/sku/cheese-mozzarella-pslm-cali-gold-loaf-86-lb-125986/125986",
      "brand": "California Gold",
      "cheese_form": "Specialty Cheese",
      "sku": 125986,
      "upc": 125986,
      "price_per_lb": 2.09,
      "price_each": 100.16,
      "lb_per_each": 47.92,
      "case": "No"
    },
    "id": "c077f00d4988616e2cd6f6552d394c09",
    "processed_at": "2025-05-08T14:53:14.089218"
  },
  {
    "description": "This is a Galbani brand Parmesan cheese wheel from the USA, with an average weight of approximately 20 pounds. The cheese is presented in a traditional wheel form, which is typical for Parmesan-style cheeses, allowing for optimal aging and flavor development.\n\n**Appearance:**  \nThe cheese wheel exhibits a natural rind with a slightly rough and aged texture, characteristic of Parmesan. The rind is firm and typically has a pale golden to light beige color. The interior paste is dense and hard, usually pale yellow, with a granular texture that is typical of aged Parmesan.\n\n**Texture:**  \nParmesan cheese is known for its hard, granular texture, which makes it ideal for grating. This cheese wheel likely displays a dry, crumbly interior that breaks into crystals, indicating good aging. The texture is firm yet slightly brittle, which is common for this type of cheese.\n\n**Characteristics and Flavor:**  \nAged Parmesan cheese is renowned for its rich, nutty, and savory flavor profile, with hints of fruitiness and a pleasant umami depth. This cheese's aging process enhances its complexity, making it robust and flavorful, suitable for both direct consumption and culinary use.\n\n**Origin and Brand:**  \nProduced in the USA by Galbani, a reputable cheese brand, this Parmesan wheel delivers a close approximation of traditional Italian Parmigiano-Reggiano. Galbani is known for quality products, and this offering at 20 pounds is ideal for professional kitchens, restaurants, or serious cheese enthusiasts.\n\n**",
    "image_url": "https://shop.kimelo.com/_next/image?url=https%3A%2F%2Fd3tlizm80tjdt4.cloudfront.net%2Fimage%2F12274%2Fimage%2Fsm-64a4aa1bc8ce6d4a0e316c4b84cca0b9.png&w=3840&q=50",
    "metadata": {
      "cheese_type": "Cheese, Parmesan, Wheel, Usa, 20 Lb Avg - 112306",
      "source_url": "https://shop.kimelo.com/sku/cheese-parmesan-wheel-usa-20-lb-avg-112306/112306",
      "brand": "Galbani",
      "cheese_form": "Cheese Wheel",
      "sku": 112306,
      "upc": 112306,
      "price_per_lb": 5.58,
      "price_each": 111.67,
      "lb_per_each": 20.01,
      "case": "No"
    },
    "id": "017f85689ac869f1f82647c149b4944f",
    "processed_at": "2025-05-08T14:53:24.623321"
  },
  {
    "description": "This product is Alambra Traditional Halloumi, an imported Greek cheese known for its distinctive texture and cooking versatility. Presented in sliced form, this Halloumi comes in a 40-slice package weighing 8.8 ounces total, ideal for convenience in portioning and use.\n\n**Appearance and Texture:**\nHalloumi is characteristically pale white with a semi-firm, slightly springy texture that holds its shape well under heat. The slices are uniform and neatly cut, making them perfect for grilling or frying without melting into a creamy consistency like many other cheeses.\n\n**Flavor Profile:**\nAlambra's Traditional Halloumi offers a mild yet savory flavor with subtle salty undertones that complement a variety of dishes. The cheese typically carries a pleasant tang and a slightly rubbery chew, which enhances its appeal in Mediterranean cuisine.\n\n**Origin and Production:**\nOriginating from Greece, Halloumi is traditionally made from a mixture of goat’s and sheep’s milk, occasionally with some cow’s milk. Alambra’s product reflects the authentic craftsmanship of Greek cheesemaking, maintaining the product's trademark squeak and excellent grilling qualities.\n\n**Culinary Uses:**\nHalloumi is prized for its excellent grilling and frying properties, as it does not melt but rather softens while developing a golden, crispy crust. It is commonly served as an appetizer, in sandwiches, salads, or alongside grilled vegetables and meats. Its ability to retain texture when cooked makes it a favorite for both cold and hot",
    "image_url": "https://shop.kimelo.com/_next/image?url=https%3A%2F%2Fd3tlizm80tjdt4.cloudfront.net%2Fremote_images%2Fimage%2F1998%2Fsmall%2F92cb453b056d15b02a89fefb67e39797fc58b0a4398a29b53f.jpg&w=3840&q=50",
    "metadata": {
      "cheese_type": "Cheese, Halloumi, Tradition, Greek, Import, 40/8.8 Oz 124144",
      "source_url": "https://shop.kimelo.com/sku/cheese-halloumi-tradition-greek-import-4088-oz-124144/124144",
      "brand": "Alambra",
      "cheese_form": "Sliced Cheese",
      "sku": 124144,
      "upc": 124144,
      "price_per_lb": 8.97,
      "price_each": 197.35,
      "lb_per_each": 22.0,
      "case": "No"
    },
    "id": "af964f9df0f11a8c74d4017c3cc4c159",
    "processed_at": "2025-05-08T14:53:32.871159"
  },
  {
    "description": "This image features Cucina brand Feta cheese, presented in a brine solution within a pail container. The cheese exhibits a classic feta appearance—creamy white with a slightly crumbly yet soft texture, which is typical for feta preserved in brine. The surface of the cheese appears moist and smooth, punctuated by some natural fissures and slight irregularities that indicate its artisanal quality.\n\nFeta cheese is a specialty cheese traditionally originating from Greece, known for its tangy, salty flavor profile and crumbly texture. This particular product is stored in brine, which helps maintain its moisture and enhances its characteristic sharpness and saltiness. The brine also serves as a natural preservative, extending the cheese's shelf life and keeping it fresh for extended use.\n\nTypically, feta cheese is used in Mediterranean dishes such as Greek salads, pastries like spanakopita, and as a flavorful topping for roasted vegetables or grilled meats. Its versatile profile allows it to be crumbled over dishes or cut into blocks for serving.\n\nThe product comes in a large format pail of 2 packs, each weighing 8 pounds, making it suitable for foodservice or bulk retail. Priced at $29.44 per pail ($3.68 per pound), it offers a cost-efficient option for kitchens requiring substantial quantities of authentic feta cheese.\n\nIn summary, this Cucina feta cheese in brine combines traditional flavor and texture, preserved for optimal freshness, and is ideal for culinary applications demanding authentic, tang",
    "image_url": "https://shop.kimelo.com/_next/image?url=https%3A%2F%2Fd3tlizm80tjdt4.cloudfront.net%2Fremote_images%2Fimage%2F7673%2Fsmall%2F0b979f0fa945c83473934cf317ee8339e16a68ae1af19108f3.jpg&w=3840&q=50",
    "metadata": {
      "cheese_type": "Cheese, Feta, In Brine, Pail, (2) 8 Lb 124284",
      "source_url": "https://shop.kimelo.com/sku/cheese-feta-in-brine-pail-2-8-lb-124284/124284",
      "brand": "Cucina",
      "cheese_form": "Specialty Cheese",
      "sku": 124284,
      "upc": 124284,
      "price_per_lb": 3.68,
      "price_each": 29.44,
      "lb_per_each": 8.0,
      "case": "No"
    },
    "id": "c0657ccef76352668199e88c97beeeb1",
    "processed_at": "2025-05-08T14:53:41.893535"
  },
  {
    "description": "This product is a sliced sharp cheddar cheese from California Select Farms, presented in convenient interleaf packaging. The cheese slices are a vibrant, deep orange color typical of aged sharp cheddar, indicating a robust and tangy flavor profile with a slightly crumbly yet smooth texture. Each slice is uniformly cut to approximately 0.75 ounces, ideal for sandwiches, burgers, or snacking.\n\nThe sharp cheddar cheese offers a rich taste with a balance of natural sharpness and creamy undertones, making it versatile for both cold and hot applications. Its texture is firm enough to hold its shape when melted but smooth enough to provide a pleasant mouthfeel. This cheese is sliced for ease of use, perfect for quick meals or cheese platters.\n\nThis product is sold in packs of eight slices, with a total weight around 1.5 pounds per pack. Priced at $9.56 per pack and $6.37 per pound, it presents good value for a quality, flavorful sharp cheddar. California Select Farms typically emphasizes quality dairy sourcing in California, ensuring freshness and consistent flavor.\n\nOverall, this sharp cheddar sliced cheese is an excellent choice for consumers seeking a versatile, flavorful cheese with convenient packaging suited for everyday use.",
    "image_url": "https://shop.kimelo.com/_next/image?url=https%3A%2F%2Fd3tlizm80tjdt4.cloudfront.net%2Fimage%2F10347%2Fimage%2Fsm-e678c1718263a65a402310e22e32ac8a.jpg&w=3840&q=50",
    "metadata": {
      "cheese_type": "Cheese, Cheddar, Sharp, Slcd, Interleaf, 0.75 Oz, (8) 103603",
      "source_url": "https://shop.kimelo.com/sku/cheese-cheddar-sharp-slcd-interleaf-075-oz-8-103603/103603",
      "brand": "California Select Farms",
      "cheese_form": "Sliced Cheese",
      "sku": 103603,
      "upc": 103603,
      "price_per_lb": 6.37,
      "price_each": 9.56,
      "lb_per_each": 1.5,
      "case": "No"
    },
    "id": "122fd55411e49ab8c48975189599dc3a",
    "processed_at": "2025-05-08T14:53:51.365628"
  },
  {
    "description": "This cheese product is a sliced Monterey Jack cheese, packaged as an 8-pack of 1.5 lb portions, sold under the Cheese Crafters brand with SKU and UPC 103599. \n\n### Appearance:\nThe cheese is presented in neatly sliced form, making it convenient for immediate use. The slices exhibit a smooth, pale white to light cream color, typical of Monterey Jack, which lends itself well to a variety of culinary applications. The packaging highlights the \"California Select Farms\" label, suggesting sourcing from Californian dairies known for quality.\n\n### Texture and Characteristics:\nMonterey Jack cheese is known for its semi-soft, creamy texture that melts well without becoming oily or stringy. This sliced version maintains that characteristic smooth and slightly elastic texture, perfect for layering on sandwiches or melting for various recipes. The cheese offers a mild, buttery flavor with a subtle tang, making it versatile and suitable for those who prefer a less sharp cheese taste.\n\n### Origin:\nThis Monterey Jack cheese is made with a focus on California farm-sourced dairy, emphasizing freshness and quality. Monterey Jack traditionally originates from California, and this product stays true to those roots by highlighting its regional farm selection.\n\n### Uses:\nSliced Monterey Jack cheese is excellent for sandwiches, burgers, and wraps, thanks to its meltability and mild flavor. It also works well in melted dishes such as quesadillas, grilled cheese, and casseroles. Its creamy texture and gentle taste allow it to pair nicely with a variety of foods",
    "image_url": "https://shop.kimelo.com/_next/image?url=https%3A%2F%2Fd3tlizm80tjdt4.cloudfront.net%2Fimage%2F9201%2Fimage%2Fsm-4b09eacd768b0bf3bc71bca949fe2915.jpg&w=3840&q=50",
    "metadata": {
      "cheese_type": "Cheese, Monterey Jack, Sliced, (8) 1.5 Lb - 103599",
      "source_url": "https://shop.kimelo.com/sku/cheese-monterey-jack-sliced-8-15-lb-103599/103599",
      "brand": "Cheese Crafters",
      "cheese_form": "Sliced Cheese",
      "sku": 103599,
      "upc": 103599,
      "price_per_lb": 3.98,
      "price_each": 5.97,
      "lb_per_each": 1.5,
      "case": "No"
    },
    "id": "020f2289fb752e0b67aba298c2594e59",
    "processed_at": "2025-05-08T14:53:59.434878"
  },
  {
    "description": "This product is a premium imported Gruyère cheese, presented in a substantial 5-pound loaf format, marketed by the brand Packer. The packaging is marked with \"Le Gruyère Switzerland,\" signifying its authentic Swiss origin, specifically from the Gruyère region, renowned for producing this classic cheese.\n\nAppearance:\nThe cheese loaf has a firm and dense structure with a smooth, pale yellow rind that's typical of traditional Gruyère. The packaging is simple, transparent, and branded clearly with blue and red labeling that showcases the Swiss flag, reinforcing its authenticity.\n\nTexture and Characteristics:\nGruyère cheese is celebrated for its firm yet supple texture, which is slightly elastic when sliced. This cheese typically features fine holes or \"eyes,\" but as this is a loaf, they might be subtle or less visible compared to smaller wheels or wedges. The cheese melts beautifully, making it ideal for cooking and enhancing many dishes.\n\nFlavor Profile:\nGruyère offers a rich, creamy flavor with nutty and slightly sweet undertones. As it ages, these notes intensify, gaining a hint of earthiness and complexity. Its balanced sharpness complements both its smooth mouthfeel and aromatic presence.\n\nOrigin:\nLe Gruyère is traditionally produced in the Swiss canton of Fribourg, following specific regulations to maintain quality and heritage. The cheese is made from unpasteurized cow’s milk and aged for several months, often between 5 to 12 months or longer.\n\nTypical Uses:\nGruyère is exceptionally versatile",
    "image_url": "https://shop.kimelo.com/_next/image?url=https%3A%2F%2Fd3tlizm80tjdt4.cloudfront.net%2Fimage%2F7423%2Fimage%2Fsm-05cc51bafdb84958b8c527b8a3a8fecb.jpg&w=3840&q=50",
    "metadata": {
      "cheese_type": "Cheese, Gruyere, Imported, Loaf, (2) 5 Lb - 108978",
      "source_url": "https://shop.kimelo.com/sku/cheese-gruyere-imported-loaf-2-5-lb-108978/108978",
      "brand": "Packer",
      "cheese_form": "Cheese Loaf",
      "sku": 108978,
      "upc": 108978,
      "price_per_lb": 13.46,
      "price_each": 67.3,
      "lb_per_each": 5.0,
      "case": "No"
    },
    "id": "e2b75a731748a006233292e926b5aca9",
    "processed_at": "2025-05-08T14:54:06.894209"
  },
  {
    "description": "This image shows slices of Metsobo A.e. Saganaki cheese, a traditional Greek hard cheese renowned for its rich flavor and versatile culinary application. The cheese exhibits a firm texture with a pale yellow hue, typical of well-aged Saganaki cheeses. Its smooth, dense appearance suggests a slightly crumbly yet cohesive structure, ideal for slicing.\n\nOriginating from Greece, Saganaki cheese is widely celebrated for its excellent melting properties and robust, savory taste profile with subtle tangy and nutty undertones. It is commonly used in Greek cuisine, often pan-fried to create the classic \"Saganaki\" appetizer, where the cheese is crisped on the outside while maintaining a soft, creamy interior.\n\nThis particular product is offered in pre-sliced form, facilitating convenient use in various dishes such as salads, sandwiches, or as a standalone snack. At approximately 7 pounds, each unit provides a substantial quantity, making it suitable for both personal enjoyment and foodservice settings. Priced at $68.53 per pound, it reflects the cheese's premium quality and authentic import status. \n\nOverall, Metsobo A.e. Saganaki cheese is a distinguished option for those seeking a flavorful and authentic Greek cheese with firm texture and excellent cooking versatility.",
    "image_url": "https://shop.kimelo.com/_next/image?url=https%3A%2F%2Fd3tlizm80tjdt4.cloudfront.net%2Fremote_images%2Fimage%2F8993%2Fsmall%2Fe5e6885ff13c2fe97bc05df189a3c03c0339d2260d615749a9.jpg&w=3840&q=50",
    "metadata": {
      "cheese_type": "Cheese, Saganaki, Hard, Greek, Import, 7 Lb Avg (6) 125801",
      "source_url": "https://shop.kimelo.com/sku/cheese-saganaki-hard-greek-import-7-lb-avg-6-125801/373628",
      "brand": "Metsobo A.e.",
      "cheese_form": "Sliced Cheese",
      "sku": 373628,
      "upc": 373628,
      "price_per_lb": 68.53,
      "price_each": 68.53,
      "lb_per_each": 1.0,
      "case": "No"
    },
    "id": "89d212486d71af1176429c327ed8aac7",
    "processed_at": "2025-05-08T14:54:13.822737"
  },
  {
    "description": "This product is Galbani Premio Shredded Mozzarella Cheese, a well-known cheese blend that combines whole milk low-moisture and low-moisture part-skim mozzarella. Packaged in a 5-pound container, this shredded cheese is ideal for a variety of culinary applications.\n\n### Appearance and Texture:\nThe cheese is presented in a shredded form, with uniform, fine strands typical of shredded mozzarella. In the image, the cheese appears pale white to light ivory, characteristic of mozzarella's mild and fresh nature. The shredded texture offers excellent meltability, making it perfect for topping dishes or incorporating into recipes where smooth, even melting is desired.\n\n### Cheese Characteristics:\n- **Type:** Mozzarella blend of whole milk low moisture and part-skim varieties\n- **Moisture Level:** Low moisture, which helps the cheese maintain good melting qualities without becoming overly watery.\n- **Flavor Profile:** Mild, milky, creamy, and slightly tangy - typical of East Coast style mozzarella, which tends to be slightly tangier than its Italian counterpart.\n- **Melting Properties:** Excellent melting cheese, ideal for dishes needing a smooth, stringy melt such as pizza, lasagna, casseroles, and baked pasta.\n\n### Origin:\nThis mozzarella is branded under Galbani Premio, a respected brand established in 1882, known for high-quality Italian-style cheeses. The packaging notes the \"East Coast Style,\" indicating it is suited to American tastes for mozzarella, which tend to prefer",
    "image_url": "https://shop.kimelo.com/_next/image?url=https%3A%2F%2Fd3tlizm80tjdt4.cloudfront.net%2Fimage%2F13860%2Fimage%2Fsm-1505a5e7aa7570e69e7ca77cf4c49a97.png&w=3840&q=50",
    "metadata": {
      "cheese_type": "Cheese, Blend, Mozz, Wm & Ps, Premio Shred, 6/5 Lb - 112492",
      "source_url": "https://shop.kimelo.com/sku/cheese-blend-mozz-wm-ps-premio-shred-65-lb-112492/112492",
      "brand": "Galbani Premio",
      "cheese_form": "Shredded Cheese",
      "sku": 112492,
      "upc": 112492,
      "price_per_lb": 3.38,
      "price_each": 101.51,
      "lb_per_each": 30.03,
      "case": "No"
    },
    "id": "965cd2e2505df9375f9c563ce02047d6",
    "processed_at": "2025-05-08T14:54:19.099705"
  },
  {
    "description": "This product is Raskas Cream Cheese, presented in a cheese loaf form and packaged as a 3-pound unit, commonly sold in bulk quantities (10/3 lb per case). The cream cheese comes in a rectangular block, ideal for both culinary uses and direct consumption.\n\n### Appearance and Texture:\nRaskas Cream Cheese is characterized by a pristine, smooth, and creamy white appearance typical of fresh cream cheese. The consistency is rich and spreadable, offering a velvety texture that melts easily on the palate. It’s dense yet soft enough to be easily spread on bagels, crackers, and bread or incorporated into various recipes.\n\n### Origin and Brand:\nRaskas is a well-established brand, known for producing high-quality dairy products founded in 1888. This cream cheese reflects a tradition of quality, using carefully selected ingredients to deliver authentic flavor and texture. The packaging highlights its American heritage and commitment to quality, prominently featuring a seal that suggests a trusted product.\n\n### Typical Uses:\nRaskas Cream Cheese is highly versatile. It is widely used as a spread in breakfast dishes like bagels or toast, a base for dips, frostings, and sauces, and a key ingredient in cheesecakes and other desserts. Its creamy texture also makes it suitable for blending into savory recipes such as stuffed vegetables, creamy pasta sauces, or as a topping for baked potatoes.\n\n### Pricing and Value:\n- Price per loaf: $85.56 (for 10 loaves presumably)\n-",
    "image_url": "https://shop.kimelo.com/_next/image?url=https%3A%2F%2Fd3tlizm80tjdt4.cloudfront.net%2Fimage%2F13945%2Fimage%2Fsm-beec542c40fb4977939baab11abd9a9c.png&w=3840&q=50",
    "metadata": {
      "cheese_type": "Cheese, Cream, Loaf, 10/3 Lb - 112699",
      "source_url": "https://shop.kimelo.com/sku/cheese-cream-loaf-103-lb-112699/112699",
      "brand": "Raskas",
      "cheese_form": "Cheese Loaf",
      "sku": 112699,
      "upc": 112699,
      "price_per_lb": 2.85,
      "price_each": 85.56,
      "lb_per_each": 30.02,
      "case": "No"
    },
    "id": "6ed48c15984e66eb759db567cefc2476",
    "processed_at": "2025-05-08T14:54:26.014207"
  },
  {
    "description": "This image showcases a traditional Greek wheel of Kefalotyri cheese, produced and imported by Metsobo A.e. Kefalotyri is a hard cheese known for its firm texture and distinct savory flavor profile. The cheese wheel is substantial in size, weighing approximately 18 pounds, making it well-suited for both retail and culinary use in larger quantities.\n\nThe exterior of the cheese wheel is off-white with a smooth rind, typical of aged hard cheeses. The label on top prominently features classic Greek motifs and imagery, emphasizing its authentic origin, as well as the Metsobo A.e. brand, a noted producer of this specialty cheese.\n\nKefalotyri is traditionally made from sheep or goat milk, contributing to its rich, salty taste and slightly tangy note. Its firm and crumbly texture makes it an excellent cheese for grating or slicing. It is often enjoyed on its own, paired with olives and wine, or used in Greek dishes such as saganaki (fried cheese) due to its excellent melting and browning properties.\n\nWith a unit price of $156.06 for the entire wheel and a per-pound price of $8.67, this cheese represents a premium product suitable for gourmet markets or specialty cheese shops. Its classic Mediterranean heritage and versatile usage in both cooking and serving make this Kefalotyri an appealing choice for connoisseurs of authentic Greek cheeses.",
    "image_url": "https://shop.kimelo.com/_next/image?url=https%3A%2F%2Fd3tlizm80tjdt4.cloudfront.net%2Fremote_images%2Fimage%2F2228%2Fsmall%2Ff9ce4763fea7376f93257d4fc25b186ab2c423231574348ceb.jpg&w=3840&q=50",
    "metadata": {
      "cheese_type": "Cheese, Kefalotyri, Hard, Wheel, Greek, Import, 18 Lb Avg 124125",
      "source_url": "https://shop.kimelo.com/sku/cheese-kefalotyri-hard-wheel-greek-import-18-lb-avg-124125/124125",
      "brand": "Metsobo A.e.",
      "cheese_form": "Sliced Cheese",
      "sku": 124125,
      "upc": 124125,
      "price_per_lb": 8.67,
      "price_each": 156.06,
      "lb_per_each": 18.0,
      "case": "No"
    },
    "id": "e618badd753c2e54391572746dc4939d",
    "processed_at": "2025-05-08T14:54:34.754036"
  },
  {
    "description": "This product is a Monterey Jack cheese loaf from the brand Packer, presented in a substantial 5-pound block. Monterey Jack is a semi-soft, mild-flavored cheese known for its smooth, creamy texture and pale yellow color, which is accurately depicted in the image. The cheese is sold at a price of $18.45 per 5-pound loaf, breaking down to $3.69 per pound, reflecting its value as a versatile and accessible cheese option.\n\nMonterey Jack cheese is characterized by its buttery, slightly tangy taste with a hint of sweetness, making it excellent for melting. This cheese loaf is ideal for slicing, shredding, or cubing, making it perfect for a variety of culinary uses including sandwiches, burgers, queso dips, and baking recipes that require a creamy melt.\n\nThe loaf form allows for easy portioning and storage, suitable for both commercial kitchens and home use. Overall, this Packer Monterey Jack cheese loaf offers a classic American cheese experience with reliable quality, ideal for everyday cooking and snacking.",
    "image_url": "https://shop.kimelo.com/_next/image?url=https%3A%2F%2Fd3tlizm80tjdt4.cloudfront.net%2Fimage%2F5981%2Fimage%2Fsm-8006f8100c50aee751d5e74b228445bf.jpg&w=3840&q=50",
    "metadata": {
      "cheese_type": "Cheese, Monterey Jack, Loaf, (2) 5 Lb - 107600",
      "source_url": "https://shop.kimelo.com/sku/cheese-monterey-jack-loaf-2-5-lb-107600/107600",
      "brand": "Packer",
      "cheese_form": "Cheese Loaf",
      "sku": 107600,
      "upc": 107600,
      "price_per_lb": 3.69,
      "price_each": 18.45,
      "lb_per_each": 5.0,
      "case": "No"
    },
    "id": "3a7bb8972856d622e626439bde4ea6b9",
    "processed_at": "2025-05-08T14:54:39.787340"
  },
  {
    "description": "This product is Galbani Shredded Asiago Cheese, presented in a convenient bulk packaging of six 5-pound bags, totaling 30 pounds. Asiago cheese is a semi-firm cow's milk cheese originating from the Asiago plateau in the Veneto region of Italy. \n\n**Appearance and Texture:**\nIn its shredded form, this Asiago cheese exhibits a pale off-white to light creamy color that is typical of aged Asiago. The individual shreds are fine and uniform, allowing for easy melting and integration into dishes. Asiago’s texture ranges from semi-soft when young (fresco) to more crumbly and firm as it ages. This shredded version likely reflects a medium age, offering a balance between smooth meltability and a slightly granular texture that adds a pleasant bite.\n\n**Flavor Profile:**\nAsiago is known for its mild but distinct nutty and buttery flavor, often with hints of earthiness and a slight sharpness that intensifies with aging. Shredded Asiago provides a subtle complexity that enhances but does not overpower dishes.\n\n**Packaging and Usage:**\nThe cheese is packaged in a clear, sealed plastic bag to maintain freshness and prevent moisture loss, making it ideal for foodservice or large-scale culinary use. At $5.21 per pound and $26.06 per 5-pound package, it's a cost-effective choice for restaurants and caterers.\n\n**Typical Culinary Applications:**\nShredded Asiago is versatile in cooking; it melts well, making",
    "image_url": "https://shop.kimelo.com/_next/image?url=https%3A%2F%2Fd3tlizm80tjdt4.cloudfront.net%2Fimage%2F11540%2Fimage%2Fsm-dc389e1a3b99419ba379e3fb3916db94.png&w=3840&q=50",
    "metadata": {
      "cheese_type": "Cheese, Asiago, Shredded, (6) 5 Lb - 111711",
      "source_url": "https://shop.kimelo.com/sku/cheese-asiago-shredded-6-5-lb-111711/111711",
      "brand": "Galbani",
      "cheese_form": "Shredded Cheese",
      "sku": 111711,
      "upc": 111711,
      "price_per_lb": 5.21,
      "price_each": 26.06,
      "lb_per_each": 5.0,
      "case": "No"
    },
    "id": "8a752b96f2bb8be9073ab9c1f55a598f",
    "processed_at": "2025-05-08T14:54:49.615482"
  },
  {
    "description": "This cheese is a Monterey Jack, presented in a large 40-pound block, produced under the brand \"Packer.\" The cheese is shown in a block form, although it is typically available as sliced cheese for ease of use in various culinary applications.\n\n**Appearance and Texture:**\nThe cheese has a pale, creamy white color characteristic of Monterey Jack. The surface appears smooth and solid, indicating a fresh and moist interior. The block form allows for uniform slicing or portioning. Monterey Jack is known for its semi-soft texture with a slight elasticity, which makes it ideal for melting.\n\n**Characteristics:**\nMonterey Jack cheese has a mild, buttery flavor profile with a slight sweetness and subtle tang. It melts easily, which makes it perfect for cooking applications such as grilling, baking, and melting in sandwiches or casseroles. This cheese is semi-hard, with a smooth and creamy mouthfeel when consumed.\n\n**Origin:**\nMonterey Jack cheese originated in California, USA. It is named after the city of Monterey and the original maker, David Jack, who popularized it in the 19th century. It remains a staple in American cuisine, especially in Southwestern and Mexican-inspired dishes.\n\n**Typical Uses:**\nMonterey Jack cheese is versatile and frequently used in cooking due to its excellent melting properties. It's commonly found in quesadillas, cheeseburgers, and grilled cheese sandwiches. Its mild taste pairs well with a wide range of ingredients without overpowering them.\n\n**Pricing and",
    "image_url": "https://shop.kimelo.com/_next/image?url=https%3A%2F%2Fd3tlizm80tjdt4.cloudfront.net%2Fimage%2F11519%2Fimage%2Fsm-6f1eb10583921d3db8a9df08b378c1bd.jpeg&w=3840&q=50",
    "metadata": {
      "cheese_type": "Cheese, Monterey Jack, Block, 40 Lb Avg - 103562",
      "source_url": "https://shop.kimelo.com/sku/cheese-monterey-jack-block-40-lb-avg-103562/103562",
      "brand": "Packer",
      "cheese_form": "Sliced Cheese",
      "sku": 103562,
      "upc": 103562,
      "price_per_lb": 2.8,
      "price_each": 112.0,
      "lb_per_each": 40.0,
      "case": "No"
    },
    "id": "863d08e1baca5b970a74ae155094f9b4",
    "processed_at": "2025-05-08T14:54:57.683357"
  },
  {
    "description": "This image shows a loaf of Tillamook Medium Cheddar cheese, a classic and well-regarded cheddar variety known for its rich, balanced flavor. Packaged in a rectangular loaf form, it is ideal for slicing, shredding, or melting in various culinary applications. \n\n**Appearance and Texture:**\nThe cheese loaf has a smooth, uniform orange-yellow hue typical of medium cheddar, indicating the presence of annatto, a natural coloring agent often used in cheddar cheeses. The block form is dense and firm, yet pliable and easy to work with. Tillamook's Medium Cheddar typically has a creamy texture that offers a satisfying bite without being overly crumbly.\n\n**Flavor Profile and Characteristics:**\nTillamook Medium Cheddar is known for its balanced, mellow flavor that strikes a nice middle ground between mild and sharp. It offers a slightly tangy, buttery taste with hints of nuttiness, making it versatile for everyday use. The medium aging process imparts complexity without overwhelming sharpness, appealing to a broad range of palates.\n\n**Origin:**\nTillamook cheese is produced in Tillamook County, Oregon, USA, a region renowned for its dairy farming and artisanal cheese production. The brand prides itself on using high-quality milk from local farmers, ensuring a fresh, consistent product.\n\n**Typical Uses:**\nThis medium cheddar loaf is perfect for slicing into sandwiches or cheese plates, melting into sauces or grilled cheese sandwiches, shredding over salads or baked dishes, and for use",
    "image_url": "https://shop.kimelo.com/_next/image?url=https%3A%2F%2Fd3tlizm80tjdt4.cloudfront.net%2Fimage%2F2254%2Fimage%2Fsm-cd0c941b11ba4b342c17c421fe3e4d95.jpeg&w=3840&q=50",
    "metadata": {
      "cheese_type": "Cheese, Cheddar, Medium, Loaf, (2) 5lb - 106815",
      "source_url": "https://shop.kimelo.com/sku/cheese-cheddar-medium-loaf-2-5lb-106815/106815",
      "brand": "Tillamook",
      "cheese_form": "Cheese Loaf",
      "sku": 106815,
      "upc": 106815,
      "price_per_lb": 6.02,
      "price_each": 30.08,
      "lb_per_each": 5.0,
      "case": "No"
    },
    "id": "e6c4147cc9760953fd5ba1b7fd7c2f7f",
    "processed_at": "2025-05-08T14:55:03.805886"
  },
  {
    "description": "This product is a bulk frozen cream cheese, packaged in a 30-pound container, offered under the Packer brand. The cheese has a smooth, creamy white appearance typical of high-quality cream cheese. Its texture is dense yet spreadable, which is ideal for a wide variety of culinary applications.\n\nCream cheese is known for its rich, mild tangy flavor and velvety consistency. This bulk frozen format allows for extended shelf life and is suitable for commercial kitchens or food service operations requiring large quantities of cream cheese. It can be used in both sweet and savory dishes such as cheesecakes, dips, frostings, spreads, and as an ingredient in sauces or baked goods.\n\nThe product is priced at $44.92 for the entire 30-pound container, averaging $1.50 per pound. The cream cheese is presented in a simple, plain white container, emphasizing functionality and efficiency, ideal for large-scale use rather than retail display. This bulk frozen cream cheese offers versatility, convenience, and excellent value for professional culinary use.",
    "image_url": "https://shop.kimelo.com/_next/image?url=https%3A%2F%2Fd3tlizm80tjdt4.cloudfront.net%2Fremote_images%2Fimage%2F9503%2Fsmall%2Fc20e0679de38f6e24091a6d1a19b28f6ec8d244a5fb5adbe48.jpg&w=3840&q=50",
    "metadata": {
      "cheese_type": "Cheese, Cream, Bulk, Frozen, 30 Lb",
      "source_url": "https://shop.kimelo.com/sku/cheese-cream-bulk-frozen-30-lb/374448",
      "brand": "Packer",
      "cheese_form": "Cream Cheese",
      "sku": 374448,
      "upc": 374448,
      "price_per_lb": 1.5,
      "price_each": 44.92,
      "lb_per_each": 29.95,
      "case": "No"
    },
    "id": "0a5db656176dbb86798ff0bed5603c66",
    "processed_at": "2025-05-08T14:55:10.123237"
  },
  {
    "description": "This product is Galbani Fresh Mozzarella Cheese, presented in a convenient cheese loaf form and thinly sliced for ease of use. The packaging indicates a total weight of 6 pounds, divided into manageable portions, making it ideal for both retail and food service settings.\n\n**Appearance and Texture:**\nGalbani Fresh Mozzarella is characterized by its smooth, white, and moist appearance, typical of fresh mozzarella cheeses. The thin slices exhibit a soft and pliable texture, which suggests excellent meltability and stretch, perfect for a variety of culinary applications. The cheese has a slightly glossy surface indicative of its freshness and high moisture content.\n\n**Characteristics:**\nThis mozzarella loaf is fresh and delicate in flavor, with a subtle, milky sweetness and mild tanginess that enhances a wide range of dishes without overpowering them. Its thin sliced form allows for quick melting and even distribution, especially useful in layered dishes or sandwiches.\n\n**Origin and Brand:**\nGalbani is a well-known and trusted Italian brand recognized for its quality cheese production. Their mozzarella is traditionally crafted to reflect authentic Italian dairy expertise, ensuring a genuine taste experience.\n\n**Typical Uses:**\nThis fresh mozzarella is versatile and commonly used in Italian cuisine. It is perfect for classic dishes such as Caprese salad, pizza toppings, lasagna, and paninis. The thin slices melt seamlessly on hot dishes, providing a creamy texture and rich flavor. Additionally, it can be served fresh with tomatoes, basil, and olive oil for",
    "image_url": "https://shop.kimelo.com/_next/image?url=https%3A%2F%2Fd3tlizm80tjdt4.cloudfront.net%2Fimage%2F13746%2Fimage%2Fsm-6e810ecb0cadc532f8c04cabb747fdf2.png&w=3840&q=50",
    "metadata": {
      "cheese_type": "Cheese, Mozzarella, Fresh, Loaf, Thin Slice, 6/1 Lb - 112545",
      "source_url": "https://shop.kimelo.com/sku/cheese-mozzarella-fresh-loaf-thin-slice-61-lb-112545/112545",
      "brand": "Galbani",
      "cheese_form": "Cheese Loaf",
      "sku": 112545,
      "upc": 112545,
      "price_per_lb": 5.76,
      "price_each": 34.55,
      "lb_per_each": 6.0,
      "case": "No"
    },
    "id": "236da3fb3c6ab94f237b37492cfea87d",
    "processed_at": "2025-05-08T14:55:22.637330"
  },
  {
    "description": "This is Valbreso French Feta cheese, presented in an 18-pound pail, categorized under specialty cheeses. Valbreso is a renowned brand known for its authentic French-style feta, crafted from rich, high-quality pasteurized sheep's milk sourced from the southwest of France. This cheese boasts a creamy yet crumbly texture, making it versatile for both crumbling over salads and cooking in various Mediterranean dishes.\n\nAppearance-wise, Valbreso Feta is typically a bright white, dense cheese with a slightly moist surface, indicating its fresh and luscious character. It tends to have a smooth but slightly grainy body that easily breaks apart under pressure, typical of traditional feta styles.\n\nIn terms of flavor profile, it offers a well-balanced tanginess with a subtle saltiness and a creamy, full-bodied finish, which sets it apart from more acidic or overly briny versions of feta. The texture is creamy enough to spread, yet firm enough to maintain its shape in cooking.\n\nThe 18-pound pail packaging is practical for foodservice and culinary professionals, supporting easy portioning and storage. This large volume is ideal for restaurant kitchens, catering services, or cheese lovers who prefer to stock up on premium-quality feta.\n\nWith a price point of around $6.95 per pound and a total cost of $125.10 for the full pail, Valbreso Feta offers a high-quality, authentic French feta experience that elevates Greek salads, pastries like spanakopita, grilled vegetable dishes,",
    "image_url": "https://shop.kimelo.com/_next/image?url=https%3A%2F%2Fd3tlizm80tjdt4.cloudfront.net%2Fimage%2F17988%2Fimage%2Fsm-82414835d395197c5f8390f295a0f0fe.jpg&w=3840&q=50",
    "metadata": {
      "cheese_type": "Cheese, Feta, French, Pail, Valbreso, 18 Lb Avg - 123797",
      "source_url": "https://shop.kimelo.com/sku/cheese-feta-french-pail-valbreso-18-lb-avg-123797/123797",
      "brand": "Valbreso",
      "cheese_form": "Specialty Cheese",
      "sku": 123797,
      "upc": 123797,
      "price_per_lb": 6.95,
      "price_each": 125.1,
      "lb_per_each": 18.0,
      "case": "No"
    },
    "id": "10db0f845054723445c8aa8d5816045d",
    "processed_at": "2025-05-08T14:55:30.305919"
  },
  {
    "description": "This product is Philadelphia Whipped Original Cream Cheese, a smooth and creamy cheese spread produced by Kraft, a well-known brand established in 1872. Presented in a convenient tub, this cream cheese is whipped to a light, airy texture that makes it effortlessly spreadable and perfect for a variety of uses.\n\n**Appearance and Texture:**  \nThe cheese has a bright, white color typical of fresh cream cheese, with a soft and fluffy consistency due to the whipping process. This texture allows it to be easily spread on bagels, toast, crackers, and can also be incorporated smoothly into recipes without clumping.\n\n**Characteristics:**  \nPhiladelphia Whipped Cream Cheese offers a mild, slightly tangy flavor that is rich and creamy but never overwhelming. It contains no artificial flavors, emphasizing its natural dairy taste. The whipped form results in a lighter, airier product compared to regular cream cheese, making it ideal for lighter spreads or dips.\n\n**Origin and Brand:**  \nKraft’s Philadelphia brand is an iconic American cream cheese producer known for its quality and heritage dating back to 1872. This product carries the trusted Philadelphia name, signaling consistent quality.\n\n**Usage:**  \nThis cream cheese spread is versatile, commonly used as a breakfast complement on bagels or toast, a base for dips, or as a creamy component in cooking and baking. Its whipped texture makes it especially user-friendly for quick, easy spreading and blending.\n\n**Packaging and Price:**  \nThe product is packaged in a 8 oz (227 g",
    "image_url": "https://shop.kimelo.com/_next/image?url=https%3A%2F%2Fd3tlizm80tjdt4.cloudfront.net%2Fremote_images%2Fimage%2F14101%2Fsmall%2F59becfe7880750956b1c39a81e7f2bfef3437a4b464a2f5a69.jpg&w=3840&q=50",
    "metadata": {
      "cheese_type": "Cheese, Cream Cheese, Whipped Tub, Philadelphia (6) 377753 - Sku 172026",
      "source_url": "https://shop.kimelo.com/sku/cheese-cream-cheese-whipped-tub-philadelphia-6-377753-sku-172026/172026",
      "brand": "Kraft",
      "cheese_form": "Cream Cheese",
      "sku": 172026,
      "upc": 172026,
      "price_per_lb": 7.23,
      "price_each": 21.68,
      "lb_per_each": 3.0,
      "case": "No"
    },
    "id": "11e3a43c567ba92072de25bb36be9cc7",
    "processed_at": "2025-05-08T14:55:38.363425"
  },
  {
    "description": "This product is a 5-cheese blend shredded cheese from the brand Galbani, renowned for its quality Italian cheeses. The blend includes mozzarella (Moz), whole milk mozzarella (Wmlm), less-milk part-skim mozzarella (lmps), provolone (prov), Parmesan (parm), and Romano (roma) cheeses, creating a versatile and flavorful mixture.\n\n**Appearance and Texture:**\nThe cheese is presented in a shredded form, making it convenient for melting and mixing. The shreds are predominantly white to off-white, typical of mozzarella and parmesan varieties, with fine, thin strands that suggest easy melting and a smooth texture when cooked.\n\n**Characteristics:**\n- The blend offers a balanced flavor profile combining the creamy, mild, and stretchy qualities of mozzarella with the sharper, tangy notes of provolone, Parmesan, and Romano.\n- This combination provides excellent meltability, making it ideal for dishes requiring gooey, stretchy cheese with a hint of sharpness.\n- The shredded form enables quick and even distribution over dishes.\n\n**Origin:**\nGalbani is an established Italian brand known for authentic Italian cheeses, emphasizing traditional flavor and high-quality production processes. This blend is designed to bring an Italian-inspired taste experience to everyday cooking.\n\n**Typical Uses:**\n- Perfect for pizza toppings, lasagnas, baked pasta dishes, and casseroles.\n- Suitable for gratins, sandwiches, and salads where a mixed cheese flavor is desired.\n- The blend enhances sauces, baked appetizers, and",
    "image_url": "https://shop.kimelo.com/_next/image?url=https%3A%2F%2Fd3tlizm80tjdt4.cloudfront.net%2Fremote_images%2Fimage%2F7464%2Fsmall%2F4c120c44089fd73a9dc6802b21106ba43711bda636e75afc96.jpg&w=3840&q=50",
    "metadata": {
      "cheese_type": "Cheese, 5 Blend, Moz Wmlm/lmps/prov/parm/roma, 6/5 Lb - 123784",
      "source_url": "https://shop.kimelo.com/sku/cheese-5-blend-moz-wmlmlmpsprovparmroma-65-lb-123784/123784",
      "brand": "Galbani",
      "cheese_form": "Shredded Cheese",
      "sku": 123784,
      "upc": 123784,
      "price_per_lb": 3.21,
      "price_each": 96.18,
      "lb_per_each": 29.96,
      "case": "No"
    },
    "id": "86ae6ee123a02a473575a141bbbadbe6",
    "processed_at": "2025-05-08T14:55:49.835889"
  },
  {
    "description": "This is Galbani Premio Mozzarella Cheese, presented in an 8/5 lb loaf format, designed primarily for professional and specialty cheese use. The product belongs to the specialty cheese category, emphasizing a high-quality, all-natural profile.\n\n### Appearance:\nThe cheese comes in a solid, rectangular loaf shape, featuring a smooth and uniform off-white to creamy color typical of fresh mozzarella. The packaging is a professional-grade vacuum-sealed plastic, maintaining the cheese's freshness and moisture.\n\n### Texture:\nGalbani Premio Mozzarella is known for its smooth, elastic, and slightly springy texture. When sliced, the cheese exhibits the classic mozzarella stretch and melt, indicating good moisture content and quality. It is soft yet firm enough to hold its shape in various culinary applications.\n\n### Characteristics:\n- **Flavor:** Mild and delicate with a fresh, milky richness characteristic of traditional Italian mozzarella.\n- **Moisture:** Balanced moisture content, helping it melt beautifully while retaining a pleasant chewiness.\n- **Form:** Available as a large loaf, which is practical for foodservice use, allowing easy slicing or shredding.\n\n### Origin:\nGalbani is a reputable Italian brand with a rich history in cheese making, known worldwide for producing authentic Italian cheeses. The Premio line reflects a premium selection emphasizing quality and traditional mozzarella characteristics.\n\n### Typical Uses:\n- Ideal for melting on pizzas, lasagnas, and baked dishes.\n- Excellent for slicing fresh in salads like Caprese.\n- Suitable for melting",
    "image_url": "https://shop.kimelo.com/_next/image?url=https%3A%2F%2Fd3tlizm80tjdt4.cloudfront.net%2Fremote_images%2Fimage%2F8358%2Fsmall%2Fb2822f77cb40a483ec292d837dbfcea6b8be7f2e39cc90e6ca.jpg&w=3840&q=50",
    "metadata": {
      "cheese_type": "Cheese, Mozzarella, Lmps, Loaf, Premio, 8/5 Lb",
      "source_url": "https://shop.kimelo.com/sku/cheese-mozzarella-lmps-loaf-premio-85-lb/374193",
      "brand": "Galbani Premio",
      "cheese_form": "Specialty Cheese",
      "sku": 374193,
      "upc": 374193,
      "price_per_lb": 12.87,
      "price_each": 102.95,
      "lb_per_each": 8.0,
      "case": "No"
    },
    "id": "9acc9288fe59dfe8e1282912742640e9",
    "processed_at": "2025-05-08T14:56:01.096406"
  },
  {
    "description": "This is Galbani Premio Mozzarella cheese, presented in a specialty loaf form. The packaging is a sleek, rectangular blue wrapper branded with the Galbani logo, denoting its professional-grade quality. \n\nGalbani Premio Mozzarella is a high-quality, all-natural cheese known for its smooth, elastic texture and mild, creamy flavor. As a fresh mozzarella, it typically possesses a moist, slightly glossy appearance and a soft, pliable consistency, making it ideal for melting and incorporating into a variety of dishes.\n\nOriginating from Italy, Galbani is a respected brand that emphasizes authentic Italian cheese-making traditions. This particular product is sold in an 8/5 lb format, meaning the total weight is around 8 loaves each weighing 5 lbs, suitable for foodservice or large-batch use.\n\nTypical uses for Galbani Premio Mozzarella include topping pizzas, layering in lasagnas, stuffing in sandwiches, or serving fresh in salads and appetizers. Its versatile texture and delicate flavor profile make it a preferred choice for culinary professionals seeking a premium mozzarella option.\n\nPricing details indicate a cost of $108.52 per unit loaf, with a price per pound around $10.85, reflecting its specialty quality status and large-format packaging suitable for commercial kitchens.",
    "image_url": "https://shop.kimelo.com/_next/image?url=https%3A%2F%2Fd3tlizm80tjdt4.cloudfront.net%2Fremote_images%2Fimage%2F8390%2Fsmall%2F53b845e1fb7106fdd945620096b458f0828fadee1fe5d5d0e8.jpg&w=3840&q=50",
    "metadata": {
      "cheese_type": "Cheese, Mozzarella, Wmlm, Loaf, Premio, 8/5 Lb",
      "source_url": "https://shop.kimelo.com/sku/cheese-mozzarella-wmlm-loaf-premio-85-lb/374196",
      "brand": "Galbani Premio",
      "cheese_form": "Specialty Cheese",
      "sku": 374196,
      "upc": 374196,
      "price_per_lb": 10.85,
      "price_each": 108.52,
      "lb_per_each": 10.0,
      "case": "No"
    },
    "id": "abc878c11514a9496a39f589b9dd8ffb",
    "processed_at": "2025-05-08T14:56:10.039790"
  },
  {
    "description": "This product is Cheswick's Pepperjack cheese, presented in a convenient shredded form known as Feather Shred. The cheese is packaged in a large 4/5 lb bag, ideal for culinary professionals or cheese enthusiasts who require bulk quantities.\n\n**Appearance and Texture:**\nThe shredded Pepperjack displays a pale creamy-white color with visible flecks of fine red and green pepper, characteristic of Pepperjack cheese and indicative of its mildly spicy flavor profile. The \"Feather Shred\" style refers to the thin, light strands of shredded cheese, which promotes quick melting and even distribution in recipes. The texture is soft but firm enough to maintain its distinctive shredded form until heated.\n\n**Origin and Characteristics:**\nPepperjack cheese is a variation of Monterey Jack, infused with spicy chili peppers such as jalapeño and bell peppers, offering a gentle heat balanced by the smooth, buttery Monterey Jack base. This cheese is known for its creamy mouthfeel combined with a subtle piquant flavor, making it versatile in both cooking and as a topping.\n\n**Typical Uses:**\nDue to its shredded form and melting quality, this Pepperjack is perfect for a variety of culinary applications:\n- Melting in quesadillas, grilled cheeses, and casseroles.\n- Adding a spicy kick to salads, soups, and tacos.\n- Enhancing sandwiches and burgers with a spicy, creamy flavor.\n- Incorporation into dips and spreads needing a smooth melt and subtle heat.\n\n**Pricing and Packaging:**\nThis bulk package retails",
    "image_url": "https://shop.kimelo.com/_next/image?url=https%3A%2F%2Fd3tlizm80tjdt4.cloudfront.net%2Fimage%2F17990%2Fimage%2Fsm-83f15352ef57aee10ecf9f5eacd4c835.png&w=3840&q=50",
    "metadata": {
      "cheese_type": "Cheese, Pepperjack, Feather Shred, 4/5 Lb - 123794",
      "source_url": "https://shop.kimelo.com/sku/cheese-pepperjack-feather-shred-45-lb-123794/123794",
      "brand": "Cheswick",
      "cheese_form": "Shredded Cheese",
      "sku": 123794,
      "upc": 123794,
      "price_per_lb": 3.29,
      "price_each": 65.72,
      "lb_per_each": 19.98,
      "case": "No"
    },
    "id": "34a96126cdd3ea6544a154bddce8c8d8",
    "processed_at": "2025-05-08T14:56:31.274595"
  },
  {
    "description": "This product is Galbani Fresh Mozzarella Ovoline, presented as a specialty frozen cheese. It comes in a container weighing approximately 2/3 of a pound, priced at $14.64 per unit, or $2.44 per pound. The total price for the 2/3 lb package is around $6.00.\n\nGalbani is a well-known brand, proudly labeled as \"Italy's Favorite Cheese Brand,\" emphasizing its heritage and commitment to authentic Italian cheese-making traditions. The packaging features bright Mediterranean-inspired imagery with lush landscapes, reinforcing the product's Italian roots.\n\nFresh Mozzarella, especially in the Ovoline form, is characterized by its smooth, creamy white appearance and delicate texture. This cheese is prized for its mild, milky flavor and soft, slightly elastic texture, making it ideal for melting. It is typically used fresh in dishes like Caprese salad, on pizzas, in pasta recipes, or melted into various Italian specialties.\n\nThe container labels this mozzarella as \"All Natural Cheese,\" underscoring its purity and quality. Being frozen Ovoline form mozzarella, it is convenient for both home cooks and professional chefs, maintaining freshness and texture until ready to use.\n\nOverall, this Galbani Fresh Mozzarella Ovoline is a premium Italian-style cheese product, perfect for those seeking high-quality mozzarella for a variety of culinary applications.",
    "image_url": "https://shop.kimelo.com/_next/image?url=https%3A%2F%2Fd3tlizm80tjdt4.cloudfront.net%2Fremote_images%2Fimage%2F10806%2Fsmall%2F080a48a561d13a90309f06536874d86ca67cf124dc3961482d.jpg&w=3840&q=50",
    "metadata": {
      "cheese_type": "Cheese, Mozzarella, Frozen, Ovoline, Galbani, 2/3 Lb",
      "source_url": "https://shop.kimelo.com/sku/cheese-mozzarella-frozen-ovoline-galbani-23-lb/374567",
      "brand": "Galbani",
      "cheese_form": "Specialty Cheese",
      "sku": 374567,
      "upc": 374567,
      "price_per_lb": 2.44,
      "price_each": 14.64,
      "lb_per_each": 6.0,
      "case": "No"
    },
    "id": "dc6a6d870b44a83e278a45b5c5c28225",
    "processed_at": "2025-05-08T14:56:40.959587"
  },
  {
    "description": "This image displays a classic loaf of Muenster cheese, offered by the brand \"Packer.\" The cheese is presented in a substantial 5-pound loaf form, ideal for specialty or bulk cheese use.\n\nAppearance:\nThe cheese features a vibrant orange rind that envelops a pale, creamy interior. This two-tone contrast is characteristic of Muenster cheese, where the orange rind is typically washed with annatto or similar natural coloring agents to enhance visual appeal. The interior paste is smooth and homogeneous, with a consistent off-white to light yellow color.\n\nTexture:\nThe texture appears semi-soft and pliable, as evidenced by the clean, thin slices shown in the image. Muenster's semi-soft nature allows for easy slicing without crumbling, making it suitable for sandwiches, melting, or serving on cheese platters.\n\nCharacteristics:\nMuenster cheese is known for its mild, slightly tangy flavor with subtle earthy and nutty undertones. It has a moderate moisture content, contributing to its smooth mouthfeel and melting qualities. The orange rind is edible and sometimes imparts a slight additional flavor dimension.\n\nOrigin and Uses:\nTraditionally from the Alsace region of France (Munster-Géromé), the American version of Muenster, like this loaf, is slightly milder and more versatile. This cheese is popular in sandwiches, burgers, grilled cheese, and as a melting cheese in casseroles. Its mellow flavor also pairs well with fruits, crackers, and wines.\n\nPricing and Packaging:\n",
    "image_url": "https://shop.kimelo.com/_next/image?url=https%3A%2F%2Fd3tlizm80tjdt4.cloudfront.net%2Fremote_images%2Fimage%2F14165%2Fsmall%2F0158d18ec81507169591cc645a9fff7c6f09c04889186230a6.jpg&w=3840&q=50",
    "metadata": {
      "cheese_type": "Cheese, Muenster, Loaf (6) 5 Lbs,sku 172091",
      "source_url": "https://shop.kimelo.com/sku/cheese-muenster-loaf-6-5-lbssku-172091/172091",
      "brand": "Packer",
      "cheese_form": "Specialty Cheese",
      "sku": 172091,
      "upc": 172091,
      "price_per_lb": 32.9,
      "price_each": 32.9,
      "lb_per_each": 1.0,
      "case": "No"
    },
    "id": "fc1f6a77b0f14eeecf3e3a822f55f51c",
    "processed_at": "2025-05-08T14:56:47.684639"
  },
  {
    "description": "This is a 14 lb wheel of Pecorino Romano cheese from the brand Zerto, presented here in a sliced form. Pecorino Romano is a firm and aged Italian sheep's milk cheese renowned for its sharp, salty, and tangy flavor profile.\n\n**Appearance:**  \nThe cheese wheel has a natural off-white to pale yellow rind with embossed markings indicating its authenticity and variety—typical for traditional Pecorino Romano. The interior is a dense, crumbly pale ivory matrix that shows a granular texture when cut, characteristic of well-aged hard cheeses.\n\n**Texture:**  \nThis Pecorino Romano has a firm yet slightly brittle structure. The crumbly texture visible in the cut wedge suggests strong aging, providing a dry, grainy feel that crumbles easily but holds together when sliced, making it both ideal for shaving or grating.\n\n**Origin & Characteristics:**  \nPecorino Romano originates from Italy and is traditionally made from 100% sheep’s milk. It undergoes aging for at least 5 months, during which it develops its robust umami notes and sharp saltiness. The cheese is prized for enriching dishes with a distinct savory and slightly piquant taste.\n\n**Typical Uses:**  \nPecorino Romano is a versatile cheese often used grated over pasta, soups, and salads. It's an excellent finishing cheese to add depth to sauces and is commonly paired with robust Italian dishes. Its salty and tangy punch also complements fruits, nuts, and hearty breads.\n\n**Pricing",
    "image_url": "https://shop.kimelo.com/_next/image?url=https%3A%2F%2Fd3tlizm80tjdt4.cloudfront.net%2Fremote_images%2Fimage%2F7585%2Fsmall%2F6fdb15f3fb9a8218f44f4394daed962b794d29364f31ec757a.jpg&w=3840&q=50",
    "metadata": {
      "cheese_type": "Cheese, Pecorino, Romano, 14 Lb 124109",
      "source_url": "https://shop.kimelo.com/sku/cheese-pecorino-romano-14-lb-124109/124109",
      "brand": "Zerto",
      "cheese_form": "Sliced Cheese",
      "sku": 124109,
      "upc": 124109,
      "price_per_lb": 5.09,
      "price_each": 71.25,
      "lb_per_each": 14.0,
      "case": "No"
    },
    "id": "5c0ada76ab03f0e32b5ab92c6c99b944",
    "processed_at": "2025-05-08T14:56:54.850802"
  },
  {
    "description": "This image features a block of Tillamook Sharp White Cheddar Cheese, known for its clean, robust flavor and high-quality production. The cheese is presented in a compact, rectangular form, weighing 3/4 oz (21g) as indicated on the packaging. It is a sliced cheese, making it convenient for immediate use in sandwiches, snacks, or cooking.\n\nVisually, the cheese exhibits a smooth, creamy white color characteristic of white cheddar varieties, without any orange coloring. Its texture appears firm yet slightly pliable, typical of well-aged sharp cheddar which develops a crumbly but cohesive consistency.\n\nTillamook, a reputable brand originating from Oregon, USA, is renowned for traditional cheesemaking methods, often utilizing high-quality milk and extended aging periods to enhance the depth of flavor. This particular sharp white cheddar offers a pronounced tang and savory notes, ideal for those seeking a more intense cheddar experience.\n\nTypical uses include melting on burgers, enhancing cheese boards, or grating over dishes where a sharp cheddar flavor is desired. Given the price details—$0.50 per pound and $49.80 per unit with SKU 172111—this product appears targeted for bulk or institutional buyers rather than retail consumer purchase in small quantities.\n\nOverall, Tillamook's Sharp White Cheddar is a premium, easy-to-use cheese option that combines sharp flavor with versatile culinary applications.",
    "image_url": "https://shop.kimelo.com/_next/image?url=https%3A%2F%2Fd3tlizm80tjdt4.cloudfront.net%2Fremote_images%2Fimage%2F14324%2Fsmall%2F5211137065f5e986902c6a62fa4eb3f764ed76d03efbf7a3b2.jpg&w=3840&q=50",
    "metadata": {
      "cheese_type": "Cheese, Cheddar, Sharp White, 100/0.75 Oz Oz Tillamook 613897, Sku 172111",
      "source_url": "https://shop.kimelo.com/sku/cheese-cheddar-sharp-white-100075-oz-oz-tillamook-613897-sku-172111/172111",
      "brand": "Tillamook",
      "cheese_form": "Sliced Cheese",
      "sku": 172111,
      "upc": 172111,
      "price_per_lb": 0.5,
      "price_each": 49.8,
      "lb_per_each": 99.6,
      "case": "No"
    },
    "id": "3e2b4847ccf9890de714a7f72079781a",
    "processed_at": "2025-05-08T14:57:03.563622"
  },
  {
    "description": "This product features Mini Babybel Original cheese, a specialty semisoft cheese known for its convenient snack-sized portions. Each cheese piece is individually encased in a bright red wax coating, which not only preserves freshness but also makes for easy handling. The cheese itself is smooth and creamy, with a mild, buttery flavor profile that is appealing to all ages.\n\nBabybel Original is crafted from 100% natural cheese, offering a nutritious dairy option with a balanced texture — firm enough to hold its shape yet supple enough to melt pleasantly in the mouth. Its artisanal approach and distinctive red wax packaging make it a popular choice for portable, mess-free snacking.\n\nOriginating from the Laughing Cow brand, this product comes in a net weight of 4.5 ounces (128 grams), presented as a pack of six individually wrapped mini cheeses. It's ideal for lunchboxes, picnics, or quick bites, and pairs well with crackers, fruit, or wine for a casual cheese board.\n\nThe SKU for this product is 172119, with an associated UPC of 172119. Pricing details indicate a cost of $51.29 per unit pack, translating to $0.71 per pound and a weighted price of $72.24 per pound for the volume considered. This positions Babybel as a premium, convenient cheese snack with wide distribution and appeal.",
    "image_url": "https://shop.kimelo.com/_next/image?url=https%3A%2F%2Fd3tlizm80tjdt4.cloudfront.net%2Fremote_images%2Fimage%2F15042%2Fsmall%2F4752a482739aa892814722431a3b0e1a4930af59437ce4920d.jpg&w=3840&q=50",
    "metadata": {
      "cheese_type": "Cheese, Mini, Babybel (red Wrap) 72/0.75 Oz, Sku 172119",
      "source_url": "https://shop.kimelo.com/sku/cheese-mini-babybel-red-wrap-72075-oz-sku-172119/172119",
      "brand": "Laughing Cow",
      "cheese_form": "Specialty Cheese",
      "sku": 172119,
      "upc": 172119,
      "price_per_lb": 0.71,
      "price_each": 51.29,
      "lb_per_each": 72.24,
      "case": "No"
    },
    "id": "a0bd37bb14f0709ecd1de5da4693620b",
    "processed_at": "2025-05-08T14:57:23.898865"
  },
  {
    "description": "This product is Good Culture's Whole Milk Classic Organic Cottage Cheese, presented in a 5.3 oz container. It is a soft, fresh cheese known for its small, delicate curds that are creamy and moist in texture. This classic cottage cheese is made from organic whole milk, which contributes to its rich, smooth mouthfeel and slightly tangy flavor typical of fresh dairy products.\n\nThe cheese is characterized by a 4% milkfat content, providing a balanced creaminess without being overly rich. It is pasture-raised, indicating that the milk comes from cows raised on pasture, often resulting in higher-quality milk with better flavor and nutritional profiles. The product also highlights a notable protein content of 19 grams per serving, making it an excellent source of protein for a healthy diet.\n\nCottage cheese like this is versatile in culinary use; it can be enjoyed on its own as a nutritious snack, mixed into salads, blended into smoothies, or used as a topping for baked dishes. Its fresh, mild flavor pairs well with fruits, vegetables, and herbs.\n\nOverall, Good Culture's Organic Whole Milk Classic Cottage Cheese offers a wholesome, high-protein dairy option with the benefits of organic and pasture-raised milk, suitable for those seeking both quality and nutrition in their cheese.",
    "image_url": "https://shop.kimelo.com/_next/image?url=https%3A%2F%2Fd3tlizm80tjdt4.cloudfront.net%2Fremote_images%2Fimage%2F14127%2Fsmall%2F8d497ba0b199b319f4f58febfebec4619b58c4763daff721fd.jpg&w=3840&q=50",
    "metadata": {
      "cheese_type": "Cottage Cheese, Classic, Organic 12/5 Oz, 84778, Sku 172052",
      "source_url": "https://shop.kimelo.com/sku/cottage-cheese-classic-organic-125-oz-84778-sku-172052/172052",
      "brand": "Good Culture",
      "cheese_form": "Cottage Cheese",
      "sku": 172052,
      "upc": 172052,
      "price_per_lb": 3.33,
      "price_each": 39.93,
      "lb_per_each": 11.99,
      "case": "No"
    },
    "id": "2e02dd9e19d789059783d0e387c2f94f",
    "processed_at": "2025-05-08T14:57:41.300122"
  },
  {
    "description": "This product is Organic Valley's Stringles Organic String Cheese, a specialty cheese item designed for convenient, on-the-go snacking. The cheese is presented in individual 1-ounce sticks, with 24 pieces per package, ideal for portion control and easy sharing.\n\n**Appearance and Texture:**\nThe cheese sticks have a smooth, pale creamy white color typical of fresh mozzarella cheeses. The individual sticks are uniform and neatly packaged, reflecting the classic string cheese form that can be pulled apart into thin strips with ease. This unique stringy texture is characteristic of mozzarella-style cheeses, making it fun and interactive to eat especially for kids and cheese lovers who enjoy the tactile experience.\n\n**Characteristics:**\nThis cheese is organic, made from milk produced without synthetic hormones or antibiotics, aligning with the Organic Valley brand’s commitment to quality and sustainable farming. The mozzarella is low in moisture content, ensuring a firm yet pliable texture that readily strings apart without crumbling. As a fresh cheese, it offers a mild, slightly milky flavor profile with a delicate, creamy undertone that complements a variety of snacks and recipes.\n\n**Origin:**\nOrganic Valley is a reputable brand known for organic dairy products from small family farms in the United States. The cheese embodies their farm-to-table ethos, providing consumers with wholesome, natural, and responsibly sourced dairy.\n\n**Typical Uses:**\nOrganic Valley Stringles String Cheese is perfect for healthy snacks, lunchboxes, or quick protein boosts. Its portability and convenient packaging make it ideal for children,",
    "image_url": "https://shop.kimelo.com/_next/image?url=https%3A%2F%2Fd3tlizm80tjdt4.cloudfront.net%2Fremote_images%2Fimage%2F14108%2Fsmall%2Fd36c33635977c041d652f1f7a3af8c01abffa2f2456ec7c315.jpg&w=3840&q=50",
    "metadata": {
      "cheese_type": "Cheese, Stringles String Mozzarella, Organic 24/1 Oz Ct , 10278 - Sku 172034",
      "source_url": "https://shop.kimelo.com/sku/cheese-stringles-string-mozzarella-organic-241-oz-ct-10278-sku-172034/172034",
      "brand": "Organic Valley",
      "cheese_form": "Specialty Cheese",
      "sku": 172034,
      "upc": 172034,
      "price_per_lb": 0.86,
      "price_each": 20.65,
      "lb_per_each": 24.01,
      "case": "No"
    },
    "id": "ddffb2944daafc81f62abe017ab18e46",
    "processed_at": "2025-05-08T14:58:05.838254"
  },
  {
    "description": "This image showcases Krinos Manouri Cheese, presented in a log form and sliced for convenience. Manouri is a traditional Greek cheese, known for its delicate and creamy texture. The log is neatly wrapped, featuring a label that highlights its Greek origins and quality assurance.\n\nManouri cheese is a semi-soft white cheese made from fresh whey, typically from sheep or goat milk, which imparts a mild, slightly tangy flavor that's less salty and creamier than feta. Its texture is smooth and moist, making it excellent for fresh consumption as well as culinary uses that require melting or layering.\n\nOriginating from Greece, Manouri is often enjoyed as a table cheese, in salads, or as an ingredient in desserts thanks to its subtle richness. It pairs well with fresh fruits and honey for a light dessert or can be served alongside olives and bread for a savory snack.\n\nThis particular product is imported by Krinos, a reputable brand specializing in authentic Greek cheeses and Mediterranean foods. The packaging size is 4/5 lb logs, priced at approximately $6.97 per pound, making it a premium choice for cheese connoisseurs or those looking to incorporate genuine Greek flavors into their dishes.\n\nIn summary, Krinos Manouri Cheese is a versatile and high-quality cheese prized for its creamy texture and mild, pleasant taste, ideal for both everyday and gourmet use in Greek-inspired cuisine.",
    "image_url": "https://shop.kimelo.com/_next/image?url=https%3A%2F%2Fd3tlizm80tjdt4.cloudfront.net%2Fremote_images%2Fimage%2F7223%2Fsmall%2F10d8ce04c768520771ad150340f03f5d6e9d96b8f373592dd4.jpg&w=3840&q=50",
    "metadata": {
      "cheese_type": "Cheese, Manouri, Log, Greek, Imported, 4/5 Lb 125736",
      "source_url": "https://shop.kimelo.com/sku/cheese-manouri-log-greek-imported-45-lb-125736/125736",
      "brand": "Krinos",
      "cheese_form": "Sliced Cheese",
      "sku": 125736,
      "upc": 125736,
      "price_per_lb": 6.97,
      "price_each": 139.32,
      "lb_per_each": 19.99,
      "case": "No"
    },
    "id": "0db3c53cf6845635c5d7825e5306f305",
    "processed_at": "2025-05-08T14:58:13.279683"
  }
]