[
  {
    "description": "This product features North Beach brand specialty shredded mozzarella cheese, identified by SKU 124254. The cheese comes in a fine feather shred form, which is ideal for even melting and easy distribution across dishes. The shreds are uniform and light ivory-white in color, reflecting mozzarella's classic appearance and fresh quality.\n\nMozzarella cheese, originally from Italy, is renowned for its mild, milky flavor and stretchy, creamy texture when melted. This shredded version is particularly suited for culinary uses such as topping pizzas, casseroles, pasta bakes, and other dishes requiring smooth melting and a subtle, milky taste that complements a variety of ingredients without overpowering them.\n\nThe cheese is sold in batches of approximately 4 to 5 pounds, making it a practical choice for restaurants, catering, or serious home cooking. The price is set at $53.98 per unit, translating to about $2.70 per pound, offering good value for high-quality shredded mozzarella.\n\nOverall, North Beach’s Feather Shred Mozzarella is a versatile, specialty cheese product that combines convenience and quality, perfect for enhancing the texture and flavor profile of numerous hot and cold dishes.",
    "image_url": "https://shop.kimelo.com/_next/image?url=https%3A%2F%2Fd3tlizm80tjdt4.cloudfront.net%2Fremote_images%2Fimage%2F2114%2Fsmall%2Fb41784f854f03efedc29d73d0a248d0dac389d704b7101205d.jpg&w=3840&q=50",
    "metadata": {
      "cheese_type": "Cheese, Mozzarella, Wmlm, Feather Shred, Nb, 4/5 Lb - 124254",
      "source_url": "https://shop.kimelo.com/sku/cheese-mozzarella-wmlm-feather-shred-nb-45-lb-124254/124254",
      "brand": "North Beach",
      "cheese_form": "Specialty Cheese",
      "sku": 124254,
      "upc": 124254,
      "price_per_lb": 2.7,
      "price_each": 53.98,
      "lb_per_each": 19.99,
      "case": "No"
    },
    "id": "2223238848da7cf867eabc34cceb7396",
    "processed_at": "2025-05-08T15:32:28.931168"
  },
  {
    "description": "This product is Schreiber's American Cheese, a popular and versatile processed cheese known for its smooth texture and mild, creamy flavor. The cheese comes in pre-sliced form, offering convenience and consistent portioning. This particular package contains 120 slices, totaling 4 blocks of 5 pounds each, making it ideal for bulk use in foodservice or large gatherings.\n\nIn appearance, this cheese is a vibrant yellow, a classic coloration for American cheese that appeals visually, especially in sandwiches and burgers. The pasteurized process ensures a uniform texture that melts exceptionally well, maintaining a creamy consistency without oiling off when heated. \n\nAmerican cheese is prized for its easy meltability, making it perfect for grilled cheese sandwiches, cheeseburgers, and a variety of hot dishes. Its mild flavor complements many ingredients without overpowering them, appealing to a wide audience.\n\nThe product is priced competitively at $16.76 per package, with a cost of approximately $3.35 per pound, providing good value for large-volume needs. The Schreiber brand is well-regarded for consistent quality in processed dairy products.\n\nOverall, this Schreiber American Cheese is an excellent choice for commercial kitchens, cafeterias, or any setting requiring a reliable, easy-to-use, meltable cheese with a classic American flavor profile.",
    "image_url": "https://shop.kimelo.com/_next/image?url=https%3A%2F%2Fd3tlizm80tjdt4.cloudfront.net%2Fimage%2F15196%2Fimage%2Fsm-af4d520ed6ba1c0a2c2dbddaffd35ce4.png&w=3840&q=50",
    "metadata": {
      "cheese_type": "Cheese, American, 120 Slice, Yellow, (4) 5 Lb - 103674",
      "source_url": "https://shop.kimelo.com/sku/cheese-american-120-slice-yellow-4-5-lb-103674/103674",
      "brand": "Schreiber",
      "cheese_form": "Sliced Cheese",
      "sku": 103674,
      "upc": 103674,
      "price_per_lb": 3.35,
      "price_each": 16.76,
      "lb_per_each": 5.0,
      "case": "No"
    },
    "id": "12560637a0e7b24150079bc6c8d535bd",
    "processed_at": "2025-05-08T15:32:34.314881"
  },
  {
    "description": "This product is Cheswick's Fancy Mild Cheddar Cheese, presented in a shredded form. The vibrant yellow-orange hue of the cheese shreds indicates a classic mild cheddar, known for its smooth and creamy texture. The shredded format makes it highly versatile and convenient, ideal for quick melting in various culinary applications such as topping for casseroles, pizzas, and baked dishes, or blending into sauces and soups for added richness.\n\nCheddar cheese originated in the English village of Cheddar in Somerset, and this mild variety offers a gentle, milky flavor profile with a subtle tang, suitable for those who prefer less sharpness in their cheese. The texture, as seen through the image, is finely shredded, which promotes even melting and easy incorporation into recipes.\n\nPackaged in a clear, resealable bag to maintain freshness, this 5-pound package offers a generous quantity perfect for families, food service use, or cheese enthusiasts who use cheddar regularly. The price point is $16.46 per unit, translating to about $3.29 per pound, balancing quality and affordability.\n\nOverall, Cheswick's Fancy Mild Cheddar Shredded Cheese provides a convenient, flavorful, and economical choice for enhancing a wide array of dishes with the classic taste of mild cheddar.",
    "image_url": "https://shop.kimelo.com/_next/image?url=https%3A%2F%2Fd3tlizm80tjdt4.cloudfront.net%2Fimage%2F15193%2Fimage%2Fsm-dba02abeba78ee707501f521a0557481.png&w=3840&q=50",
    "metadata": {
      "cheese_type": "Cheese, Cheddar, Shredded, Fancy, Mild, (4) - 106832",
      "source_url": "https://shop.kimelo.com/sku/cheese-cheddar-shredded-fancy-mild-4-106832/106832",
      "brand": "Cheswick",
      "cheese_form": "Shredded Cheese",
      "sku": 106832,
      "upc": 106832,
      "price_per_lb": 3.29,
      "price_each": 16.46,
      "lb_per_each": 5.0,
      "case": "No"
    },
    "id": "f5de5eb7f674e9b84ab6a1816fdda907",
    "processed_at": "2025-05-08T15:32:43.513500"
  },
  {
    "description": "This is a package of California Select Farms Mild Cheddar Cheese, presented in conveniently sliced form. The cheese is a mild cheddar, known for its smooth and creamy texture with a gentle, approachable flavor profile that appeals to a wide range of palates. The bright yellow-orange color is characteristic of cheddar cheese, indicating a well-aged but still mild variety.\n\nPackaged in a clear plastic wrap, the cheese is portioned into eight slices, making it ideal for easy use in sandwiches, burgers, or as a quick snack. Each slice maintains a consistent thickness, offering a balanced melt and texture that complements various dishes.\n\nCalifornia Select Farms Mild Cheddar is priced at $6.89 for the package, which weighs 1.5 pounds, with a per-pound price of $4.59. This cheese originates from California, a region known for producing high-quality dairy products, ensuring freshness and quality.\n\nTypical uses for this mild cheddar include sandwich stacking, melting over cooked dishes, or serving as a simple cheese snack. Its balanced flavor and smooth texture make it versatile for both cooking and direct consumption.",
    "image_url": "https://shop.kimelo.com/_next/image?url=https%3A%2F%2Fd3tlizm80tjdt4.cloudfront.net%2Fimage%2F8965%2Fimage%2Fsm-137bd810e22f0b816f7a749f30bb60f4.jpeg&w=3840&q=50",
    "metadata": {
      "cheese_type": "Cheese, Cheddar, Mild, Sliced, (8) - 103600",
      "source_url": "https://shop.kimelo.com/sku/cheese-cheddar-mild-sliced-8-103600/103600",
      "brand": "California Select Farms",
      "cheese_form": "Sliced Cheese",
      "sku": 103600,
      "upc": 103600,
      "price_per_lb": 4.59,
      "price_each": 6.89,
      "lb_per_each": 1.5,
      "case": "No"
    },
    "id": "7eb3a29c4298615ebcbfaf78443887e6",
    "processed_at": "2025-05-08T15:32:47.600943"
  },
  {
    "description": "This product is Galbani brand finely grated Parmesan cheese, imported and packaged in a bulk format. The cheese is presented in a clear sealed plastic bag showcasing its fine, granular texture that is typical of grated Parmesan. The cheese's pale ivory to off-white color indicates its natural, aged quality, suggesting it has been finely grated to a consistent size suitable for even distribution.\n\nParmesan cheese, originating from Italy, is a hard, aged cheese renowned for its robust, nutty, and slightly salty flavor profile. This finely grated form makes it convenient for a variety of culinary uses including topping pasta, soups, salads, and baked dishes, where it can melt slightly and impart its distinctive savory character.\n\nThe packaging features a detailed nutrition label and Galbani branding that emphasizes its authenticity and quality. The bulk quantity of 5 pounds per bag at a price of $30.18 per bag (approximately $6.04 per pound) makes it an economical choice for restaurants, food service operations, or avid home cooks who use Parmesan frequently.\n\nOverall, this finely grated Parmesan from Galbani offers the versatility of a classic Italian cheese in a practical form that maintains the traditional flavor and texture, ideal for everyday cooking and garnishing needs.",
    "image_url": "https://shop.kimelo.com/_next/image?url=https%3A%2F%2Fd3tlizm80tjdt4.cloudfront.net%2Fimage%2F10794%2Fimage%2Fsm-313ae66972cd7064da6bcf09c337ae5a.png&w=3840&q=50",
    "metadata": {
      "cheese_type": "Cheese, Parmesan, Grated, Imported, (4) 5 Lb - 111522",
      "source_url": "https://shop.kimelo.com/sku/cheese-parmesan-grated-imported-4-5-lb-111522/111522",
      "brand": "Galbani",
      "cheese_form": "Crumbled, Cubed, Grated, Shaved",
      "sku": 111522,
      "upc": 111522,
      "price_per_lb": 6.04,
      "price_each": 30.18,
      "lb_per_each": 5.0,
      "case": "No"
    },
    "id": "4e164e17e20d8e5ae85269f5246766d9",
    "processed_at": "2025-05-08T15:32:52.448314"
  },
  {
    "description": "This product is Galbani Parmesan cheese, presented in a shaved form, packaged in a 5 lb bag. The cheese appears as thin, irregularly shaped flakes with a pale ivory color typical of high-quality Parmesan. The texture of the shaved Parmesan is delicate yet firm enough to provide a satisfying bite, making it ideal for garnish or incorporation into dishes without overwhelming other ingredients.\n\nGalbani is a well-respected Italian brand known for authentic cheese products, and their Parmesan cheese reflects the traditional characteristics of Parmigiano-Reggiano-style cheese—nutty, salty, and savory with a rich umami profile. This shaved form is especially convenient for sprinkling over salads, pastas, soups, and risottos, or for use in cheese platters where a more refined presentation is desired.\n\nPriced at $26.44 per 5 lb bag (averaging $5.29 per lb), this product offers good value for bulk usage in restaurants, catering, or serious home cooking. The shaved texture allows for quick melting and easy blending, enhancing dishes with its distinctive sharp, aged cheese flavor.\n\nTypical uses:\n- Garnishing Italian dishes like pasta and pizza\n- Adding texture and flavor to salads\n- Incorporating into soups and sauces for depth\n- Complementing charcuterie or cheese boards\n\nOverall, Galbani’s shaved Parmesan is a versatile, high-quality cheese product that brings authentic Italian flavor and convenience for both professional and home culinary applications.",
    "image_url": "https://shop.kimelo.com/_next/image?url=https%3A%2F%2Fd3tlizm80tjdt4.cloudfront.net%2Fimage%2F2865%2Fimage%2Fsm-7f83700059c075a212d5756e9c4e7073.jpg&w=3840&q=50",
    "metadata": {
      "cheese_type": "Cheese, Parmesan, Shaved, (4) 5 Lb - 106816",
      "source_url": "https://shop.kimelo.com/sku/cheese-parmesan-shaved-4-5-lb-106816/106816",
      "brand": "Galbani",
      "cheese_form": "Crumbled, Cubed, Grated, Shaved",
      "sku": 106816,
      "upc": 106816,
      "price_per_lb": 5.29,
      "price_each": 26.44,
      "lb_per_each": 5.0,
      "case": "No"
    },
    "id": "d8d86a589362913da8920d720ec8e646",
    "processed_at": "2025-05-08T15:33:11.249056"
  },
  {
    "description": "This image features Galbani Professionale Classic Ricotta Cheese, a specialty cheese renowned for its creamy texture and mild flavor. Presented in a 5-pound tub, this ricotta is crafted using whole milk, offering a rich and smooth consistency that's ideal for a variety of culinary uses.\n\nThe packaging is a sturdy, round plastic container with a predominantly blue label, accented by the iconic red and white Galbani logo prominently displayed at the center. The label emphasizes its Italian heritage (\"Made in Italy\") and classic preparation, reflecting the brand’s long-standing tradition since 1882. The volume of cheese contained is clearly stated as 5 pounds (2.26 kg), making it convenient for both professional and home kitchens.\n\nGalbani's ricotta is typically prized for its soft, slightly grainy texture that melts seamlessly into dishes. It is exceptionally versatile; commonly used in Italian cuisine for fillings in lasagna, cannoli, ravioli, or simply blended into sauces, dips, and spreads. Its mild, slightly sweet flavor makes it a perfect complement to both savory and sweet recipes.\n\nIn terms of pricing, this product is offered at $16.89 per 5-pound tub, equating to approximately $3.38 per pound, positioning it as an accessible option for high-quality ricotta.\n\nOverall, Galbani’s Classic Ricotta represents a premium yet affordable choice for those looking to add authentic, creamy Italian ricotta to their culinary creations.",
    "image_url": "https://shop.kimelo.com/_next/image?url=https%3A%2F%2Fd3tlizm80tjdt4.cloudfront.net%2Fimage%2F15218%2Fimage%2Fsm-466292604c156f994ceac17cbcf40f9e.png&w=3840&q=50",
    "metadata": {
      "cheese_type": "Cheese, Ricotta, (4) 5lb - 108718",
      "source_url": "https://shop.kimelo.com/sku/cheese-ricotta-4-5lb-108718/108718",
      "brand": "Galbani",
      "cheese_form": "Specialty Cheese",
      "sku": 108718,
      "upc": 108718,
      "price_per_lb": 3.38,
      "price_each": 16.89,
      "lb_per_each": 5.0,
      "case": "No"
    },
    "id": "46b124713338b73b56921e797f1d0f65",
    "processed_at": "2025-05-08T15:33:26.801227"
  },
  {
    "description": "This product is a finely shredded blend of Monterey Jack and Cheddar cheeses, packaged by the brand Packer in a bulk-sized 5-pound bag. The cheese blend displays a natural, attractive combination of creamy white Monterey Jack strands interspersed with vibrant orange Cheddar threads, offering a balanced visual appeal typical of such mixed shredded cheeses.\n\n**Appearance and Texture:**  \nThe cheese is uniformly shredded into thin, consistent strands making it ideal for rapid melting. The blend features the buttery, pale cream color of Monterey Jack complemented by the rich, sharper orange of Cheddar cheese. This dual-color mixture adds both aesthetic appeal and textural interest when incorporated into dishes. The shreds are flexible yet firm, indicating freshness and quality.\n\n**Characteristics:**  \n- *Monterey Jack* delivers a mild, buttery flavor with a smooth and creamy texture, known for its excellent melting properties.  \n- *Cheddar* contributes a sharper, tangier bite with a slightly crumbly but smooth melt, enhancing the overall depth of flavor in the blend.\n\n**Origin and Uses:**  \nMonterey Jack and Cheddar are classic American cheeses widely used in culinary applications requiring meltability and a rich flavor profile. This combination is particularly popular in Mexican cuisine (like quesadillas and nachos), American comfort foods (such as macaroni and cheese, burgers, and grilled cheese sandwiches), casseroles, salads, and as a topping for soups.\n\n**Packaging and Pricing:**  \nThe cheese is sold in a convenient, rese",
    "image_url": "https://shop.kimelo.com/_next/image?url=https%3A%2F%2Fd3tlizm80tjdt4.cloudfront.net%2Fremote_images%2Fimage%2F7672%2Fsmall%2F63a1d4191c5e3258376922c1599c780ef012ec6bf3828fa409.jpg&w=3840&q=50",
    "metadata": {
      "cheese_type": "Cheese, Shredded, Jack & Cheddar Blend, Fancy, (4) 5 Lb - 103664",
      "source_url": "https://shop.kimelo.com/sku/cheese-shredded-jack-cheddar-blend-fancy-4-5-lb-103664/103664",
      "brand": "Packer",
      "cheese_form": "Shredded Cheese",
      "sku": 103664,
      "upc": 103664,
      "price_per_lb": 2.94,
      "price_each": 14.71,
      "lb_per_each": 5.0,
      "case": "No"
    },
    "id": "8a9a25b9899ca8824ea53ba6064ad22f",
    "processed_at": "2025-05-08T15:33:32.267604"
  },
  {
    "description": "This is a 3-pound loaf of Philadelphia Original Cream Cheese, presented in a rectangular brick form. The packaging indicates it is a product from Philadelphia, a well-known and established brand since 1872, renowned for its smooth and creamy cream cheese.\n\n### Appearance and Form:\nThe product is shaped as a large rectangular brick or loaf, which is typical for bulk cream cheese packaging. This form is practical for slicing, spreading, or using as an ingredient in various culinary applications. The packaging features a clean and simple design with a light gray background, the Philadelphia logo prominently displayed, and an appetizing image of a cream cheese-topped cracker garnished with olives and herbs.\n\n### Texture and Characteristics:\nPhiladelphia cream cheese is recognized for its rich, smooth, and creamy texture. It spreads easily, maintaining a dense yet velvety consistency. Its flavor profile is mild, tangy, and slightly buttery, making it versatile for both sweet and savory dishes.\n\n### Origin and Brand Reputation:\nPhiladelphia is an American brand well known globally for maintaining consistent quality in its cream cheese products. The \"Original\" variant is classic and widely preferred in both home cooking and professional kitchens.\n\n### Typical Uses:\nThis cream cheese loaf is ideal for extensive cooking or baking needs, including:\n- Spreading on bagels, crackers, or bread.\n- Using as a base for dips, spreads, or cheesecakes.\n- Incorporating into savory recipes such as stuffed chicken breasts, sauces, or pasta.\n- Baking applications like frosting",
    "image_url": "https://shop.kimelo.com/_next/image?url=https%3A%2F%2Fd3tlizm80tjdt4.cloudfront.net%2Fimage%2F1544%2Fimage%2Fsm-b2bb50a2b1ae90153c2401ff9f0214df.jpg&w=3840&q=50",
    "metadata": {
      "cheese_type": "Cheese, Cream, Loaf, Philadelphia, (6) 3 Lb - 103663",
      "source_url": "https://shop.kimelo.com/sku/cheese-cream-loaf-philadelphia-6-3-lb-103663/103663",
      "brand": "Philadelphia",
      "cheese_form": "Cheese Loaf",
      "sku": 103663,
      "upc": 103663,
      "price_per_lb": 5.38,
      "price_each": 16.13,
      "lb_per_each": 3.0,
      "case": "No"
    },
    "id": "cc8927aaff3efe1b485663c095dd8ce0",
    "processed_at": "2025-05-08T15:33:38.622719"
  },
  {
    "description": "This image shows sliced Jack Pepper cheese from the brand Cal Premium, a cheese known for its smooth, creamy texture and distinctive pepper-flavored profile. The cheese slices are pale yellow with visible flecks of crushed peppercorns embedded throughout, which contribute to a slightly spicy and aromatic character. \n\nJack Pepper cheese is a variation of Monterey Jack, typically semi-soft with a mild buttery flavor that is enhanced by the added pepper flakes. The pepper gives it a gentle but noticeable kick, making it an excellent choice for adding a flavor boost to sandwiches, burgers, or cheese platters.\n\nThe product is pre-sliced, which allows for easy use in sandwiches, snacking, or melting applications. This particular package comes in 1.5 lb portions, with a price point of $4.48 per pound, providing a convenient and flavorful option for everyday use.\n\nOriginating from the United States, Monterey Jack cheese is traditionally known for its smooth consistency and melting qualities, and adding pepper complements its creamy base with a piquant twist. Ideal for both casual and gourmet culinary applications, Jack Pepper cheese is versatile, pairing well with crackers, cured meats, and fresh vegetables.",
    "image_url": "https://shop.kimelo.com/_next/image?url=https%3A%2F%2Fd3tlizm80tjdt4.cloudfront.net%2Fremote_images%2Fimage%2F5723%2Fsmall%2F63b0ef7755de74914c5a50da256581d0721f73912ee4923b21.jpg&w=3840&q=50",
    "metadata": {
      "cheese_type": "Cheese, Jack Pepper, Sliced, (8) 1.5 Lb 124829",
      "source_url": "https://shop.kimelo.com/sku/cheese-jack-pepper-sliced-8-15-lb-124829/124829",
      "brand": "Cal Premium",
      "cheese_form": "Sliced Cheese",
      "sku": 124829,
      "upc": 124829,
      "price_per_lb": 4.48,
      "price_each": 6.72,
      "lb_per_each": 1.5,
      "case": "No"
    },
    "id": "96a909480e1474d12833036710b01c93",
    "processed_at": "2025-05-08T15:33:49.713221"
  },
  {
    "description": "This is a block of Gopi brand Paneer cheese, presented in a solid rectangular form and vacuum-sealed for freshness. The packaging is simple and clearly labeled with a blue wrapper indicating the brand name \"Gopi\" and the product type \"Paneer.\" The cheese itself is pure white, consistent in color, and appears firm and smooth without any holes or cracks.\n\nPaneer is a fresh, non-aged cheese commonly used in South Asian cuisine, particularly in Indian dishes. It is known for its mild, milky flavor and dense, crumbly texture that holds well under cooking, making it ideal for grilling, frying, or using in curries. This particular product comes pre-sliced, which offers convenience for food preparation.\n\nAt approximately 4 to 5 pounds per block, this sizeable portion is suitable for both retail and bulk culinary uses. The pricing reflects a cost of $3.76 per pound, with an overall price of $19.97 per unit, making it an accessible option for cooking enthusiasts and professional kitchens alike.\n\nOverall, Gopi Paneer is a versatile cheese that can be incorporated into a wide range of dishes from appetizers to main courses, valued for its texture, flavor neutrality, and ability to absorb spices and seasonings effectively.",
    "image_url": "https://shop.kimelo.com/_next/image?url=https%3A%2F%2Fd3tlizm80tjdt4.cloudfront.net%2Fremote_images%2Fimage%2F10816%2Fsmall%2F2048920d241626bd3bad46e85780c82aa9ba11b23f92f26222.jpg&w=3840&q=50",
    "metadata": {
      "cheese_type": "Cheese, Paneer, Gopi, 4/5 Lb",
      "source_url": "https://shop.kimelo.com/sku/cheese-paneer-gopi-45-lb/374574",
      "brand": "Gopi",
      "cheese_form": "Sliced Cheese",
      "sku": 374574,
      "upc": 374574,
      "price_per_lb": 3.76,
      "price_each": 75.1,
      "lb_per_each": 19.97,
      "case": "No"
    },
    "id": "0c0a1e97dd78b2afe03bdfb58849797d",
    "processed_at": "2025-05-08T15:33:57.369163"
  },
  {
    "description": "This is a professional description of the Cheswick Mild Cheddar Cheese Loaf based on the image and product information provided:\n\n---\n\n**Cheswick Mild Cheddar Cheese Loaf (5 lb)**\n\nThe Cheswick Mild Cheddar Cheese is presented in a substantial loaf form, weighing 5 pounds per unit, making it ideal for both commercial and large-scale culinary use. The cheese exhibits a classic deep golden-yellow hue that is characteristic of traditional mild cheddar varieties, reflecting a natural and inviting appearance.\n\n**Appearance & Texture:**  \nThe loaf is smoothly textured and uniformly colored, indicative of high-quality processing. The cheese’s firm yet slightly pliable consistency suggests it will slice cleanly without crumbling, perfect for sandwiches, cheese platters, and melting applications.\n\n**Flavor Profile:**  \nAs a mild cheddar, this cheese offers a gentle, creamy flavor with subtle tanginess and minimal sharpness, making it approachable for a wide range of palates, including children and those who prefer a less intense cheese taste.\n\n**Origin & Brand:**  \nProduced under the Cheswick brand, known for its reliable quality and value, this product is a staple in both foodservice and retail environments.\n\n**Uses:**  \nIdeal for slicing, shredding, and melting, the Cheswick Mild Cheddar Cheese Loaf is versatile for use in sandwiches, burgers, cooking recipes, cheese sauces, and catering settings where consistent portioning is essential.\n\n**Value:**  \nPriced at $16.99 per 5-pound loaf (",
    "image_url": "https://shop.kimelo.com/_next/image?url=https%3A%2F%2Fd3tlizm80tjdt4.cloudfront.net%2Fimage%2F11595%2Fimage%2Fsm-a149c106d663df481f081d8fa47bcf0f.jpeg&w=3840&q=50",
    "metadata": {
      "cheese_type": "Cheese, Cheddar, Mild, Loaf, (8) 5 Lb - 103670",
      "source_url": "https://shop.kimelo.com/sku/cheese-cheddar-mild-loaf-8-5-lb-103670/103670",
      "brand": "Cheswick",
      "cheese_form": "Cheese Loaf",
      "sku": 103670,
      "upc": 103670,
      "price_per_lb": 3.4,
      "price_each": 16.99,
      "lb_per_each": 5.0,
      "case": "No"
    },
    "id": "642d3d172e5bd70123a41b7954397ded",
    "processed_at": "2025-05-08T15:34:02.960399"
  },
  {
    "description": "This product is President brand Feta cheese, presented in a crumbled form. The cheese is packaged in a vacuum-sealed, clear plastic container that highlights its fresh white color and crumbly texture, typical of authentic feta.\n\n**Appearance and Texture:**  \nThe feta crumbles are bright white with a slightly moist, yet firm texture that is characteristic of Mediterranean-style feta cheeses. The crumbled form makes it highly versatile for sprinkling over dishes.\n\n**Origin and Characteristics:**  \nFeta cheese traditionally originates from Greece and is renowned for its tangy, salty flavor profile, balanced by a creamy undertone. President's feta crumbles maintain these classic flavor notes, adding a sharp but pleasant acidity that enhances a wide range of cuisines.\n\n**Typical Uses:**  \nThis crumbled feta is ideal for use in salads, such as Greek salad, adding depth to pasta dishes, topping pizzas, or incorporating into savory pies and baked goods. Its crumbly texture allows it to meld nicely with other ingredients, delivering flavor without overpowering.\n\n**Product Details:**  \n- Type: Specialty Cheese, Crumbled Feta  \n- Brand: President  \n- Packaging: Vacuum-sealed portion for freshness  \n- Size: 2 packs of 5 lbs each  \n- Pricing: $4.41 per pound, with a total price of $44.11 per package  \n\nOverall, President's Feta Crumbles offer a high-quality, authentic cheese product that brings Mediterranean flair and texture to any culinary creation.",
    "image_url": "https://shop.kimelo.com/_next/image?url=https%3A%2F%2Fd3tlizm80tjdt4.cloudfront.net%2Fimage%2F17447%2Fimage%2Fsm-b7f1d5ebed658c7a48b315af49bb5e0d.png&w=3840&q=50",
    "metadata": {
      "cheese_type": "Cheese, Feta, Crumbles, President, 2/5 Lb - 123341",
      "source_url": "https://shop.kimelo.com/sku/cheese-feta-crumbles-president-25-lb-123341/123341",
      "brand": "President",
      "cheese_form": "Specialty Cheese",
      "sku": 123341,
      "upc": 123341,
      "price_per_lb": 4.41,
      "price_each": 44.11,
      "lb_per_each": 10.0,
      "case": "No"
    },
    "id": "be570d282dd4ed85871fa4c12f1a0409",
    "processed_at": "2025-05-08T15:34:09.777524"
  },
  {
    "description": "The cheese shown is Belgioioso Mascarpone, presented in a 5 lb tub, making it ideal for both professional culinary use and home cooking. Belgioioso is a well-regarded brand recognized for its dedication to authentic Italian-style cheeses, and this mascarpone is no exception.\n\nMascarpone is a specialty cheese known for its rich, creamy texture and mild, buttery flavor. It is a soft, fresh cheese made from cream, giving it a smooth, spreadable consistency with a velvety mouthfeel. The product's appearance is typically pure white or pale cream, indicating its freshness and quality.\n\nThis mascarpone is particularly noted for its versatility in the kitchen. It is famously used as a key ingredient in classic Italian desserts such as tiramisu, where its creamy smoothness adds depth and richness. Beyond desserts, it is often incorporated into savory dishes, including creamy pasta sauces, risottos, and as a luxurious addition to soups and spreads.\n\nThe packaging in a resealable tub ensures freshness and easy use, with clear branding that highlights its Italian heritage and suggested culinary applications. Priced at about $5.94 per pound, it offers excellent value for its quality.\n\nOverall, Belgioioso Mascarpone is an excellent choice for chefs and home cooks seeking a high-quality, authentic Italian mascarpone cheese that is fresh, creamy, and versatile for a wide range of recipes.",
    "image_url": "https://shop.kimelo.com/_next/image?url=https%3A%2F%2Fd3tlizm80tjdt4.cloudfront.net%2Fimage%2F17540%2Fimage%2Fsm-c373691cb060f68e4cc8b4904a692eda.png&w=3840&q=50",
    "metadata": {
      "cheese_type": "Cheese, Mascarpone, Tub, Belgioioso, (4) 5 Lb - 107599",
      "source_url": "https://shop.kimelo.com/sku/cheese-mascarpone-tub-belgioioso-4-5-lb-107599/107599",
      "brand": "Belgioioso",
      "cheese_form": "Specialty Cheese",
      "sku": 107599,
      "upc": 107599,
      "price_per_lb": 5.94,
      "price_each": 29.72,
      "lb_per_each": 5.0,
      "case": "No"
    },
    "id": "844713d72a394602817f06d7259822f3",
    "processed_at": "2025-05-08T15:34:15.005396"
  },
  {
    "description": "This product is Belgioioso Crumbled Gorgonzola cheese, presented in a 5-pound bag. As a variety of Italian blue cheese, Gorgonzola is known for its distinctive marbled blue-green veining, which comes from the natural introduction of Penicillium cultures during the aging process. The cheese crumbles shown here are off-white with specks of blue mold typical of traditional Gorgonzola.\n\nThe texture of the crumbled form is soft yet slightly creamy, making it ideal for easy incorporation into various dishes without the need for additional slicing or shredding. The appearance in this image reveals evenly sized crumbles, which can add a robust tangy and slightly salty flavor profile characteristic of authentic Gorgonzola.\n\nBelgioioso is a reputable brand known for crafting quality cheeses inspired by authentic Italian recipes, and their Gorgonzola crumbles maintain these traditional qualities with a balance of creaminess and piquant blue cheese sharpness.\n\nTypical uses for these crumbled Gorgonzola pieces include sprinkling over salads, incorporating into pasta dishes, melting into sauces, topping pizzas, or adding a flavorful punch to cheese boards. Being gluten-free and containing no artificial growth hormones, this product caters to a wide range of dietary preferences.\n\nAt a cost of $24.53 per 5-pound bag (approximately $4.91 per pound), this cheese is reasonably priced for bulk culinary use in both professional kitchens and at-home cooking. Overall, Belgioioso Crumbled G",
    "image_url": "https://shop.kimelo.com/_next/image?url=https%3A%2F%2Fd3tlizm80tjdt4.cloudfront.net%2Fimage%2F5982%2Fimage%2Fsm-9aa3ae766c94f5a2fcc8f244a97460de.jpg&w=3840&q=50",
    "metadata": {
      "cheese_type": "Cheese, Gorgonzola, Crumbles, 86464, (2) 5 Lb - 107598",
      "source_url": "https://shop.kimelo.com/sku/cheese-gorgonzola-crumbles-86464-2-5-lb-107598/107598",
      "brand": "Belgioioso",
      "cheese_form": "Crumbled, Cubed, Grated, Shaved",
      "sku": 107598,
      "upc": 107598,
      "price_per_lb": 4.91,
      "price_each": 24.53,
      "lb_per_each": 5.0,
      "case": "No"
    },
    "id": "a02e46c266f8454690033a16c78381dd",
    "processed_at": "2025-05-08T15:34:20.679182"
  },
  {
    "description": "This product is Galbani Professional Mozzarella Cheese presented in a substantial 5-pound loaf form, packaged as part of an 8-pack case (8/5 lb). Galbani is a well-known and respected brand in the cheese industry, especially noted for its consistent quality and authentic Italian flavor profiles.\n\n**Appearance & Form:**  \nThe cheese is formed into a compact loaf, which is typical for professional or food service use where large quantities are required. The loaf is smooth and uniform in texture with a pale white to ivory color—classic for fresh mozzarella. The packaging, featuring Galbani’s signature red branding, emphasizes the product’s professional grade and freshness.\n\n**Texture & Characteristics:**  \nMozzarella cheese is celebrated for its smooth, elastic, and moisture-rich texture. This professional loaf form suggests a product that can be sliced, shredded, or melted efficiently, making it extremely versatile. It likely exhibits the mild, milky, and slightly tangy flavor profile that fresh mozzarella is known for. The cheese is expected to have excellent meltability, stretching well when heated, which makes it ideal for cooking applications.\n\n**Origin:**  \nGalbani is an established Italian brand, and their mozzarella cheese is made following traditional methods, ensuring authentic taste and quality suitable for both professional kitchens and food manufacturing.\n\n**Typical Uses:**  \n- Ideal for pizza toppings due to its superb meltability and stretch  \n- Excellent for lasagna and baked pasta dishes  \n- Used in fresh applications such as Cap",
    "image_url": "https://shop.kimelo.com/_next/image?url=https%3A%2F%2Fd3tlizm80tjdt4.cloudfront.net%2Fremote_images%2Fimage%2F7215%2Fsmall%2F0a7da17fd94fe5c52868137e402c2fb20947dba2f4b452a049.jpg&w=3840&q=50",
    "metadata": {
      "cheese_type": "Cheese, Mozzarella, Wmlm, Loaf, Professionale, 8/5 Lb 125731",
      "source_url": "https://shop.kimelo.com/sku/cheese-mozzarella-wmlm-loaf-professionale-85-lb-125731/125731",
      "brand": "Galbani",
      "cheese_form": "Cheese Loaf",
      "sku": 125731,
      "upc": 125731,
      "price_per_lb": 2.46,
      "price_each": 98.2,
      "lb_per_each": 39.92,
      "case": "No"
    },
    "id": "5b87b93a1aaf7dc7c71d8efc3e81dbde",
    "processed_at": "2025-05-08T15:34:28.479512"
  },
  {
    "description": "This cheese is an Indian Paneer, branded as Royal Mahout, presented in a bulk fresh loaf form. Paneer is a fresh, non-aged cheese widely used in Indian cuisine, cherished for its mild, milky flavor and firm, crumbly texture. The Royal Mahout Paneer is packaged in substantial rectangular blocks, ideal for slicing, cubing, or crumbling, depending on culinary use.\n\n**Appearance:**  \nThe cheese has a smooth, creamy white surface typical of fresh paneer. The shape is block-like, with clean, straight edges, indicating a firm yet slightly pliable texture. The packaging shows a traditional and cultural design featuring an elephant logo, emphasizing its Indian heritage.\n\n**Texture and Characteristics:**  \nRoyal Mahout Paneer is expected to be dense but soft enough to cut easily without crumbling excessively. It possesses a subtle milky taste with no aging tang, making it versatile for both cooking and fresh applications. When cooked, it holds its shape well, making it perfect for grilling, frying, or simmering in sauces.\n\n**Origin and Use:**  \nPaneer is a specialty cheese from India, widely used in vegetarian dishes such as Paneer Tikka, Palak Paneer, and various curries. Its fresh, non-melting property makes it a key ingredient in Indian culinary traditions. The bulk loaf format is convenient for restaurants or bulk home use, priced at approximately $20.58 per loaf weighing 5 lbs, equating to about $4.12",
    "image_url": "https://shop.kimelo.com/_next/image?url=https%3A%2F%2Fd3tlizm80tjdt4.cloudfront.net%2Fimage%2F14820%2Fimage%2Fsm-d0fbe266cac5dbbfe601de287ad60344.png&w=3840&q=50",
    "metadata": {
      "cheese_type": "Cheese, Indian Paneer Bulk Fresh Loaf (4) 109240",
      "source_url": "https://shop.kimelo.com/sku/cheese-indian-paneer-bulk-fresh-loaf-4-109240/109240",
      "brand": "Royal Mahout",
      "cheese_form": "Specialty Cheese",
      "sku": 109240,
      "upc": 109240,
      "price_per_lb": 4.12,
      "price_each": 20.58,
      "lb_per_each": 5.0,
      "case": "No"
    },
    "id": "f6097ddfa3a2a0f1e4e9b17bcca85fce",
    "processed_at": "2025-05-08T15:34:33.536129"
  },
  {
    "description": "This product is California Select Farms Provolone Cheese, presented in convenient pre-sliced form. Each package contains 1.5 pounds of cheese, priced economically at $6.58 per package, making it $4.39 per pound.\n\n**Appearance:**  \nThe cheese slices are pale ivory with a smooth, slightly glossy surface, typical of Provolone. The slices are uniform in shape and thickness, ideal for easy layering and portion control.\n\n**Texture:**  \nProvolone cheese has a semi-soft to semi-firm texture. When sliced, it exhibits a supple but resilient feel, smooth to the touch without crumbling. This texture is perfect for melting or enjoying fresh.\n\n**Origin and Characteristics:**  \nProvolone is an Italian-style semi-hard cheese known for its mild, slightly tangy flavor with subtle nutty and buttery undertones. California Select Farms offers an American-made version that maintains the authentic qualities of traditional Provolone but with a creamy, mellow finish. \n\n**Typical Uses:**  \nSliced Provolone is versatile in culinary applications. It is excellent for sandwiches, providing a balanced flavor that complements deli meats and vegetables. It melts beautifully, making it a great choice for hot sandwiches, paninis, and melts. Additionally, it can be used in recipes requiring a mild but flavorful cheese topping, such as pizza, casseroles, and baked dishes.\n\nIn summary, this California Select Farms Provolone sliced cheese combines convenience, authentic taste, and texture, ideal for",
    "image_url": "https://shop.kimelo.com/_next/image?url=https%3A%2F%2Fd3tlizm80tjdt4.cloudfront.net%2Fimage%2F8966%2Fimage%2Fsm-0ad8abe6c7be4ec1371aa99b8a1fe80d.jpeg&w=3840&q=50",
    "metadata": {
      "cheese_type": "Cheese, Provolone, Sliced, (8) 1.5 Lb - 103601",
      "source_url": "https://shop.kimelo.com/sku/cheese-provolone-sliced-8-15-lb-103601/103601",
      "brand": "California Select Farms",
      "cheese_form": "Sliced Cheese",
      "sku": 103601,
      "upc": 103601,
      "price_per_lb": 4.39,
      "price_each": 6.58,
      "lb_per_each": 1.5,
      "case": "No"
    },
    "id": "060bcb5ef3497cd2fb344407bced23bb",
    "processed_at": "2025-05-08T15:34:40.681117"
  },
  {
    "description": "This product is Galbani Fresh Mozzarella Cheese in a loaf form, pre-sliced for convenience. \n\n**Appearance & Form:**  \nThe cheese is presented as a fresh mozzarella loaf, which typically features a smooth, moist, and slightly elastic texture. It is pre-sliced, making it easy to use directly in recipes or for serving. The packaging is clear, showcasing the creamy white color characteristic of fresh mozzarella.\n\n**Texture & Characteristics:**  \nGalbani's fresh mozzarella is known for its delicate, milky flavor with a soft and supple texture that melts gently in the mouth. It maintains moisture well, providing a fresh taste that complements a variety of dishes. The cheese is mild with a slightly tangy, milky undertone, typical of high-quality fresh mozzarella.\n\n**Origin & Brand:**  \nGalbani is a renowned Italian brand with a long history dating back to 1882, famous for producing authentic Italian cheeses. Their mozzarella is crafted following traditional methods to preserve the fresh and creamy qualities that Italian mozzarella is known for.\n\n**Usage:**  \nThis fresh mozzarella loaf is versatile and ideal for many culinary uses. It is perfect for slicing onto salads, including the classic Caprese, layering on pizzas, melting in pasta dishes, or serving on sandwiches. The pre-sliced format enhances convenience for both home and professional kitchens.\n\n**Pricing Details:**  \n- Pack size: 6 loaves of 1 lb each  \n- Price per loaf: $6.00  \n- Price",
    "image_url": "https://shop.kimelo.com/_next/image?url=https%3A%2F%2Fd3tlizm80tjdt4.cloudfront.net%2Fremote_images%2Fimage%2F1088%2Fsmall%2Fe9d4570a644a2ae0665f696c669bff43b9d6ccd681d0ebc349.jpg&w=3840&q=50",
    "metadata": {
      "cheese_type": "Cheese, Mozzarella, Fresh, Loaf, Sliced, 6/1 Lb - 123535",
      "source_url": "https://shop.kimelo.com/sku/cheese-mozzarella-fresh-loaf-sliced-61-lb-123535/123535",
      "brand": "Galbani",
      "cheese_form": "Cheese Loaf",
      "sku": 123535,
      "upc": 123535,
      "price_per_lb": 6.45,
      "price_each": 38.68,
      "lb_per_each": 6.0,
      "case": "No"
    },
    "id": "1be82a061aec09839bdc2f4846a66e76",
    "processed_at": "2025-05-08T15:34:46.801329"
  },
  {
    "description": "This is a premium specialty cheese product: Estia Greek Style Feta Cheese, Rbst Free, presented in a 24 lb bulk container. The cheese is sold under the Estia brand, known for authentic Greek-style cheeses crafted with traditional methods.\n\n**Appearance and Packaging:**  \nThe cheese comes in a large white, food-grade pail designed for bulk use, typically suited for foodservice or large-scale commercial kitchens. The simple and sturdy packaging ensures the feta remains fresh and properly preserved. The label on the pail displays the Estia brand logo and highlights that it is Greek Style Feta Cheese and RBST free, indicating the milk is sourced from cows not treated with recombinant bovine somatotropin.\n\n**Texture and Characteristics:**  \nGreek-style feta cheese is traditionally made from sheep’s milk or a blend that may include goat’s milk, resulting in a crumbly yet creamy texture. This cheese is expected to be moist with a slightly grainy consistency, easily crumbled over salads, baked dishes, or used in cooking. Being feta, it is known for its tangy, salty, and slightly sharp flavor profile with rich dairy undertones.\n\n**Origin and Quality:**  \nEstia’s Greek style feta typically aims to replicate authentic feta cheese from Greece, renowned for its high quality and strict production standards. The label emphasizing \"RBST Free\" also highlights a quality assurance around the sourcing of milk, appealing to consumers seeking hormone-free dairy products.\n\n**Typical Uses:**  \nThis feta cheese is",
    "image_url": "https://shop.kimelo.com/_next/image?url=https%3A%2F%2Fd3tlizm80tjdt4.cloudfront.net%2Fremote_images%2Fimage%2F2271%2Fsmall%2F7de5ff58f2fa420e59ed1a97ee95b035b5f2ecaaba98eada2b.jpg&w=3840&q=50",
    "metadata": {
      "cheese_type": "Cheese, Feta, Rbst Free, Estia, 24 Lb 124006",
      "source_url": "https://shop.kimelo.com/sku/cheese-feta-rbst-free-estia-24-lb-124006/124006",
      "brand": "Estia",
      "cheese_form": "Specialty Cheese",
      "sku": 124006,
      "upc": 124006,
      "price_per_lb": 4.58,
      "price_each": 110.02,
      "lb_per_each": 24.02,
      "case": "No"
    },
    "id": "86ff241696b29d2efbfdca9cbd2f36ec",
    "processed_at": "2025-05-08T15:34:53.381774"
  },
  {
    "description": "The product shown is Cheswick's Fancy Shredded Monterey Jack Cheese, a high-quality shredded cheese ideal for a variety of culinary applications. This cheese is packaged in a large 5-pound bag, making it perfect for foodservice operations, bulk buyers, or home cooks who regularly use shredded cheese.\n\n### Appearance and Texture:\nThe cheese is finely shredded into long, narrow strands, which help it melt quickly and evenly. Its pale creamy white color is characteristic of Monterey Jack cheese, indicating freshness and a mild flavor profile. The shreds have a consistent size, ensuring uniform cooking and melting.\n\n### Cheese Type and Characteristics:\nMonterey Jack is a semi-soft, mild-flavored cheese originating from California, USA. It is known for its smooth texture and creamy taste, often used to complement a wide range of dishes without overpowering other flavors. The shredded form enhances convenience and versatility, suitable for sprinkling over salads, tacos, casseroles, nachos, and melting in sandwiches or sauces.\n\n### Usage:\nThis shredded Monterey Jack cheese is excellent for melting due to its creamy texture and moisture content. It is popular in Mexican and American cuisines, commonly used in quesadillas, enchiladas, and cheese dips, as well as in everyday baking and cooking. Its fancy shredded form adds convenience for quick preparation with minimal clean-up.\n\n### Packaging and Pricing:\n- Packaged in a 5 lb (2.27 kg) resealable bag to maintain freshness.\n- SKU and UPC: 108",
    "image_url": "https://shop.kimelo.com/_next/image?url=https%3A%2F%2Fd3tlizm80tjdt4.cloudfront.net%2Fimage%2F7273%2Fimage%2Fsm-77f3fe57315491b5b760f3c783c2ce89.jpg&w=3840&q=50",
    "metadata": {
      "cheese_type": "Cheese, Monterey Jack, Shredded, Fancy, (4) 5 Lb - 108930",
      "source_url": "https://shop.kimelo.com/sku/cheese-monterey-jack-shredded-fancy-4-5-lb-108930/108930",
      "brand": "Cheswick",
      "cheese_form": "Shredded Cheese",
      "sku": 108930,
      "upc": 108930,
      "price_per_lb": 3.25,
      "price_each": 16.26,
      "lb_per_each": 5.0,
      "case": "No"
    },
    "id": "3811efb4863059a545ca9d2580ec378d",
    "processed_at": "2025-05-08T15:35:11.315922"
  },
  {
    "description": "This image features shredded Monterey Jack cheese in a feather cut style, offered under the brand Packer. The cheese appears pale white to cream in hue, characteristic of Monterey Jack, with fine, delicate shreds that suggest a soft yet firm texture. The product comes in a sizable bulk quantity of 4 to 5 pounds, suitable for commercial or food service use, as reflected in the SKU 125786.\n\nMonterey Jack is a semi-soft, smooth cheese originating from California, known for its mild, buttery flavor and excellent melting properties. This shredded form is ideal for sprinkling over dishes such as Mexican cuisine, casseroles, salads, and baked pasta, enhancing them with a creamy texture and subtle tang.\n\nThe product is priced economically at $2.65 per pound, with a total price of $53.01 for the full package. The shredded feather cut facilitates quick melting and even distribution in recipes, making this cheese a versatile ingredient in both home kitchens and professional culinary environments.",
    "image_url": "https://shop.kimelo.com/_next/image?url=https%3A%2F%2Fd3tlizm80tjdt4.cloudfront.net%2Fremote_images%2Fimage%2F7236%2Fsmall%2Fe06462a3ca2ee281ec7fdc39e2aecc73c78ebcb6f4d822cc2b.jpg&w=3840&q=50",
    "metadata": {
      "cheese_type": "Cheese, Monterey Jack, Shredded, Feather, 4/5 Lb 125786",
      "source_url": "https://shop.kimelo.com/sku/cheese-monterey-jack-shredded-feather-45-lb-125786/125786",
      "brand": "Packer",
      "cheese_form": "Sliced Cheese",
      "sku": 125786,
      "upc": 125786,
      "price_per_lb": 2.65,
      "price_each": 53.01,
      "lb_per_each": 20.0,
      "case": "No"
    },
    "id": "fcaae749210356e803096214cac4e2c0",
    "processed_at": "2025-05-08T15:35:17.111451"
  },
  {
    "description": "This product is California Select Farms Swiss Cheese, presented in pre-sliced form for convenience, with each package containing 1.5 pounds of cheese. The cheese is packaged in a clear resealable bag, allowing visibility of its classic pale yellow color and characteristic smooth texture with sporadic holes, typical of Swiss cheese.\n\nSwiss cheese is known for its mild, nutty flavor and smooth, slightly elastic texture. This cheese is ideal for use in sandwiches, melts, and a variety of hot and cold dishes where a creamy, mild cheese is desired.\n\nOriginating from the Swiss style but produced by California Select Farms, this cheese reflects the traditional characteristics of Swiss cheeses while offering the quality and consistency of American production. The SKU for this product is 103602, and it is priced at $8.12 per package, with a price per pound of $5.41, making it an economical choice for both home and food service use.\n\nOverall, California Select Farms Swiss Cheese sliced blocks provide versatility and flavor for consumers looking to incorporate a classic Swiss-style cheese into their meals conveniently.",
    "image_url": "https://shop.kimelo.com/_next/image?url=https%3A%2F%2Fd3tlizm80tjdt4.cloudfront.net%2Fimage%2F8967%2Fimage%2Fsm-e52f47ae6c00dd8381ee99b9ffda17dd.jpeg&w=3840&q=50",
    "metadata": {
      "cheese_type": "Cheese, Swiss, Sliced, (8) 1.5 Lb - 103602",
      "source_url": "https://shop.kimelo.com/sku/cheese-swiss-sliced-8-15-lb-103602/103602",
      "brand": "California Select Farms",
      "cheese_form": "Sliced Cheese",
      "sku": 103602,
      "upc": 103602,
      "price_per_lb": 5.41,
      "price_each": 8.12,
      "lb_per_each": 1.5,
      "case": "No"
    },
    "id": "2bc409b9cea20d6547bca69f5d30b6bf",
    "processed_at": "2025-05-08T15:35:20.869016"
  },
  {
    "description": "This product is a specialty goat cheese from the renowned brand Laura Chenel, known for its high-quality chèvre. The cheese is presented in a tub, which helps maintain its freshness and creamy texture. \n\n### Appearance and Packaging:\nThe cheese comes in a simple, yet practical white tub, designed for easy storage and handling. The lid features the Laura Chenel logo prominently, signifying authenticity and quality. The packaging suggests a fresh, spreadable chèvre, ideal for chefs and culinary enthusiasts who appreciate artisanal goat cheese.\n\n### Texture and Characteristics:\nLaura Chenel's Chef's Chevre is typically smooth and creamy in texture, offering a soft, spreadable consistency that makes it versatile for numerous applications. The cheese is fresh and tangy, with the distinct bright, slightly tart flavor characteristic of goat's milk cheeses. It's often silky and light, without the crumbly texture that aged goat cheeses exhibit.\n\n### Origin:\nLaura Chenel is a well-known producer of goat cheeses in the United States, particularly California, where conditions are ideal for producing high-quality, fresh goat milk cheeses. The brand is synonymous with authentic French-style chèvre made with care and tradition.\n\n### Typical Uses:\nThis fresh chèvre is perfect for spreading on crackers, bread, or bagels, incorporating into sauces, or using in baked dishes. It pairs well with herbs, honey, and fruits, making it a versatile ingredient in salads, appetizers, and gourmet recipes. Chefs particularly favor this product for its consistency and clean",
    "image_url": "https://shop.kimelo.com/_next/image?url=https%3A%2F%2Fd3tlizm80tjdt4.cloudfront.net%2Fremote_images%2Fimage%2F7584%2Fsmall%2Fb039cbd43e667de1a64536054485d5b35e81ec59d3181edf0f.jpg&w=3840&q=50",
    "metadata": {
      "cheese_type": "Cheese, Goat, Chefs, Chevre, Tub, (2) 4 Lb - 103638",
      "source_url": "https://shop.kimelo.com/sku/cheese-goat-chefs-chevre-tub-2-4-lb-103638/103638",
      "brand": "Laura Chenel",
      "cheese_form": "Specialty Cheese",
      "sku": 103638,
      "upc": 103638,
      "price_per_lb": 9.42,
      "price_each": 37.66,
      "lb_per_each": 4.0,
      "case": "No"
    },
    "id": "a154a4459a400496cf45eb3d816e77ea",
    "processed_at": "2025-05-08T15:35:27.335770"
  },
  {
    "description": "This product is President brand Crumbled Goat Cheese, offered in a specialty cheese form. The packaging contains 2 pounds of crumbled goat cheese, presented in a clear sealed plastic bag that allows easy visibility of the cheese inside. The cheese appears bright white, with a soft, crumbly texture, typical of goat cheese varieties. The crumbled form makes it ideal for sprinkling over salads, pasta, or baked dishes, where its tangy, slightly tart flavor can enhance the overall taste.\n\nOriginating from a reputable brand like President, this goat cheese is prized for its fresh, creamy profile and versatility in culinary applications. Goat cheese is known for its distinctive acidity and smooth, yet crumbly consistency, which can add a gourmet touch to both savory and sweet dishes. At a price of $8.35 per pound, this product offers a balance of quality and value for consumers seeking a specialty goat cheese product.\n\nIn summary, President Crumbled Goat Cheese is a premium specialty cheese characterized by its bright white color, soft and crumbly texture, and tangy flavor, packaged conveniently for culinary use. It is perfect for enhancing salads, pizzas, and various recipes requiring a fresh, flavorful cheese topping.",
    "image_url": "https://shop.kimelo.com/_next/image?url=https%3A%2F%2Fd3tlizm80tjdt4.cloudfront.net%2Fremote_images%2Fimage%2F1031%2Fsmall%2F1eadcc43f580efc477560afb62f337d4bfeb222e8f63032220.jpg&w=3840&q=50",
    "metadata": {
      "cheese_type": "Cheese, Goat, Crumbled, 2/2 Lb - 123365",
      "source_url": "https://shop.kimelo.com/sku/cheese-goat-crumbled-22-lb-123365/123365",
      "brand": "President",
      "cheese_form": "Specialty Cheese",
      "sku": 123365,
      "upc": 123365,
      "price_per_lb": 8.35,
      "price_each": 33.4,
      "lb_per_each": 4.0,
      "case": "No"
    },
    "id": "90191b62ff8c5a9bcda25606322dff2f",
    "processed_at": "2025-05-08T15:35:31.807862"
  },
  {
    "description": "This product is a bulk cream cheese, identified by SKU 103662 and branded under Packer. Presented in a soft, spreadable form, cream cheese is known for its smooth, velvety texture and mild, tangy flavor profile. Its creamy white appearance is typical, indicating freshness and richness.\n\nCream cheese is highly versatile, commonly used as a base for dips, spreads, and frostings, as well as in savory dishes like cheesecakes, stuffed breads, and various sauces. The bulk format, weighing 30 pounds, suggests it is intended for commercial or large-scale use, ideal for restaurants, bakeries, or catering businesses.\n\nPriced at approximately $2.34 per pound, with a total cost of around $70.05 for the entire 30-pound bulk, this product offers an economical solution for large volume cream cheese needs. The packaging, as shown in the image, is practical and straightforward, designed for easy access to the creamy cheese for efficient use in food preparation.",
    "image_url": "https://shop.kimelo.com/_next/image?url=https%3A%2F%2Fd3tlizm80tjdt4.cloudfront.net%2Fremote_images%2Fimage%2F7674%2Fsmall%2Fd6f2f5e1dcdf0874f7bfedc969aead3f8aa0af8033196b2d75.jpg&w=3840&q=50",
    "metadata": {
      "cheese_type": "Cheese, Cream, Bulk, 30 Lb - 103662",
      "source_url": "https://shop.kimelo.com/sku/cheese-cream-bulk-30-lb-103662/103662",
      "brand": "Packer",
      "cheese_form": "Cream Cheese",
      "sku": 103662,
      "upc": 103662,
      "price_per_lb": 2.34,
      "price_each": 70.05,
      "lb_per_each": 29.94,
      "case": "No"
    },
    "id": "22ae1ee2d6c35375d7647acb29c2c63d",
    "processed_at": "2025-05-08T15:35:39.627929"
  },
  {
    "description": "This is Gopi brand Paneer, presented in a 14 oz (approximately 0.875 lb or 396 grams) sliced block form. Paneer is a fresh, unaged, non-melting cheese widely used in Indian cuisine. It is made through the curdling of milk with lemon juice or other acidic agents, resulting in a soft but firm cheese that holds its shape well when cooked.\n\n**Appearance & Texture:**  \nThe cheese has a clean, snow-white color typical of paneer, with a smooth and firm texture that is visible even through the packaging. The pre-sliced form indicates convenience for various cooking applications, allowing easy portioning for recipes.\n\n**Characteristics:**  \nPaneer is known for its mild, milky flavor with a subtle sweetness. It does not melt like many other cheeses, which makes it ideal for grilling, frying, or adding to stews and curries. Gopi Paneer’s fresh quality and consistent texture make it versatile for vegetarian dishes such as Saag Paneer, Paneer Tikka, and various stir-fry preparations.\n\n**Origin & Usage:**  \nPaneer is a staple in Indian and South Asian culinary traditions. Gopi Paneer, as shown, is likely produced from cow's milk and caters to consumers looking for authentic Indian dairy products. This particular packaging is designed to maintain freshness, making it easy to store in the refrigerator and use over several days.\n\n**Pricing Details:**  \n- Price per package (14 oz): $94",
    "image_url": "https://shop.kimelo.com/_next/image?url=https%3A%2F%2Fd3tlizm80tjdt4.cloudfront.net%2Fremote_images%2Fimage%2F1912%2Fsmall%2Ff31c646bfa3f07281c27762b126aee2f792632f3d44342335b.jpg&w=3840&q=50",
    "metadata": {
      "cheese_type": "Cheese, Paneer, Gopi, 15/14 Oz 124005",
      "source_url": "https://shop.kimelo.com/sku/cheese-paneer-gopi-1514-oz-124005/124005",
      "brand": "Gopi",
      "cheese_form": "Sliced Cheese",
      "sku": 124005,
      "upc": 124005,
      "price_per_lb": 7.23,
      "price_each": 94.0,
      "lb_per_each": 13.0,
      "case": "No"
    },
    "id": "d8c3a5677ac0b537c7733529ebe899d1",
    "processed_at": "2025-05-08T15:35:45.051873"
  },
  {
    "description": "This product is a Swiss cheese loaf from Pacific Cheese, presented in sliced form. The cheese is Grade A quality and typically weighs around 8 pounds per loaf, making it a substantial block suitable for various culinary uses.\n\n### Appearance:\nThe cheese has a pale yellow color typical of Swiss cheese, with a smooth, semi-firm texture. The surface shows the characteristic small holes or \"eyes,\" which are a hallmark of Swiss cheese, indicating proper fermentation and aging. The loaf is uniformly rectangular, wrapped securely in branded packaging with green and gold accents.\n\n### Texture and Characteristics:\nSwiss cheese is known for its semi-firm yet slightly springy texture, which slices cleanly without crumbling. It has a mild, nutty, and slightly sweet flavor profile enriched with subtle savory notes. The presence of \"eyes\" throughout the cheese suggests a well-developed fermentation process that contributes to its signature taste and appearance.\n\n### Origin:\nSwiss cheese originated in Switzerland and is traditionally made from cow's milk. The classic version is Emmental, noted for its large holes and characteristic flavor. Pacific Cheese supplies this version in the U.S., maintaining the traditional qualities expected from Swiss cheese.\n\n### Typical Uses:\nThis sliced Swiss cheese loaf is versatile in the kitchen. It is excellent for sandwiches, particularly deli-style, due to its smooth texture and mild flavor. It also melts well, making it ideal for hot dishes such as grilled cheese sandwiches, fondue, and casseroles. Additionally, it pairs beautifully with fruits, nuts,",
    "image_url": "https://shop.kimelo.com/_next/image?url=https%3A%2F%2Fd3tlizm80tjdt4.cloudfront.net%2Fremote_images%2Fimage%2F8356%2Fsmall%2Faff0b27efbbacc48d63e4ae9d5ec402d6b6afe2ad94847dca5.jpg&w=3840&q=50",
    "metadata": {
      "cheese_type": "Cheese, Swiss, Loaf, Grade A, 8 Lb Avg (6)",
      "source_url": "https://shop.kimelo.com/sku/cheese-swiss-loaf-grade-a-8-lb-avg-6/374191",
      "brand": "Pacific Cheese",
      "cheese_form": "Sliced Cheese",
      "sku": 374191,
      "upc": 374191,
      "price_per_lb": 33.6,
      "price_each": 33.6,
      "lb_per_each": 1.0,
      "case": "No"
    },
    "id": "63afaa837d15be5f206b115cdf1507e0",
    "processed_at": "2025-05-08T15:35:50.839311"
  },
  {
    "description": "This product is a Pepper Jack cheese loaf from the Cheswick brand, presented in a rectangular block form. The cheese loaf is approximately 5.01 pounds in weight, priced at $17.47 per loaf, equating to around $3.49 per pound.\n\nAppearance:\nThe cheese has a pale yellow to creamy white base color, characteristic of Pepper Jack, with visible specks of red and green peppers dispersed evenly throughout the block. These colorful inclusions not only provide a visual appeal but also hint at the spicy flavor profile inherent in this cheese variety. The surface of the cheese appears smooth and slightly glossy, typical of a semi-soft cheese loaf.\n\nTexture:\nPepper Jack cheese is known for its semi-soft, creamy texture that melts well without becoming overly runny. The cheese loaf’s firm yet slightly pliable consistency makes it easy to slice, shred, or cube for various culinary uses.\n\nCharacteristics:\nThis Pepper Jack combines the mild, buttery taste of Monterey Jack cheese with the heat and subtle sweetness of peppers. It typically features a gentle spicy kick from jalapeños, red chili peppers, or similar ingredients, providing a lively flavor without overpowering the palate.\n\nOrigin and Uses:\nPepper Jack cheese originates from the United States, blending traditional Monterey Jack cheese with spicy peppers. It is versatile in the kitchen, commonly used in sandwiches, burgers, quesadillas, and salads. It also melts beautifully, making it ideal for use in sauces, fondues, or as a topping on",
    "image_url": "https://shop.kimelo.com/_next/image?url=https%3A%2F%2Fd3tlizm80tjdt4.cloudfront.net%2Fimage%2F15256%2Fimage%2Fsm-6c299387672a8119d43997e98fcbcfc1.png&w=3840&q=50",
    "metadata": {
      "cheese_type": "Cheese, Pepper Jack, Loaf (8) 103672",
      "source_url": "https://shop.kimelo.com/sku/cheese-pepper-jack-loaf-8-103672/103672",
      "brand": "Cheswick",
      "cheese_form": "Cheese Loaf",
      "sku": 103672,
      "upc": 103672,
      "price_per_lb": 3.49,
      "price_each": 17.47,
      "lb_per_each": 5.01,
      "case": "No"
    },
    "id": "dae6abb58a0946658a94863a131ac234",
    "processed_at": "2025-05-08T15:35:57.735216"
  },
  {
    "description": "This product is a shredded cheese blend combining Jack and Cheddar varieties, presented in a feather cut form. The shredded pieces display a mix of pale yellow from the Jack cheese and a deeper orange hue from the Cheddar cheese, creating a visually appealing contrast typical of this blend.\n\nAs a shredded cheese, it offers convenience and versatility, making it ideal for quick melting and even distribution in a wide range of culinary applications. The feather cut ensures thin, light shreds that blend effortlessly into dishes, providing both flavor and texture without overwhelming.\n\nOriginating from the brand Packer, this Jack & Cheddar blend balances the creamy, mild character of Jack cheese with the sharper, tangier profile of Cheddar, presenting a harmonious flavor combination suited for use in tacos, nachos, casseroles, salads, sandwiches, and as a topping on baked dishes such as pizzas or baked potatoes.\n\nPackaged in a sizable quantity (4 packs of 5 pounds each), this product is well-suited for foodservice environments, restaurants, or bulk purchasers requiring a reliable, flavorful shredded cheese blend. Priced at $2.78 per pound, it offers good value for both everyday cooking and large-scale food preparation.\n\nIn summary, Packer's shredded Jack & Cheddar Blend feather cut offers a practical, flavorful cheese option that enhances a variety of recipes with its balanced taste and convenient shredded form.",
    "image_url": "https://shop.kimelo.com/_next/image?url=https%3A%2F%2Fd3tlizm80tjdt4.cloudfront.net%2Fremote_images%2Fimage%2F7242%2Fsmall%2F45efa6a9c307f7f9d844c75f7ef87eab93a985461d20a81030.jpg&w=3840&q=50",
    "metadata": {
      "cheese_type": "Cheese, Shredded, Jack & Cheddar Blend, Feather, 4/5 Lb 125787",
      "source_url": "https://shop.kimelo.com/sku/cheese-shredded-jack-cheddar-blend-feather-45-lb-125787/125787",
      "brand": "Packer",
      "cheese_form": "Shredded Cheese",
      "sku": 125787,
      "upc": 125787,
      "price_per_lb": 2.78,
      "price_each": 55.56,
      "lb_per_each": 19.99,
      "case": "No"
    },
    "id": "b76fd62b3c03d0f9282243e19715e5ca",
    "processed_at": "2025-05-08T15:36:05.243110"
  },
  {
    "description": "This image shows a wheel of El Mexicano Casero Queso Fresco, a traditional specialty cheese known for its fresh, mild flavor and versatile use in Latin American cuisine. \n\n**Appearance and Form:**\nThe cheese is presented in a wheel shape, wrapped in a smooth, white rind. The label prominently displays the brand name \"El Mexicano\" in red lettering, with \"Queso Fresco Casero\" clearly marked, highlighting its fresh and homemade (casero) style. The packaging also features a rustic design with illustrations of cows and a countryside scene, emphasizing the cheese’s artisanal roots.\n\n**Texture and Characteristics:**\nQueso Fresco is a fresh, unripened cheese made from whole milk, as indicated on the label. Typically, this cheese has a soft, crumbly texture and a slightly moist, creamy consistency. Its fresh nature means it has a mild, milky, and slightly tangy flavor profile. It is not aged, which preserves its delicate freshness and makes it suitable for immediate consumption.\n\n**Origin and Uses:**\nThis cheese is a staple in Mexican cuisine, commonly used as a topping or filling. It crumbles well over dishes such as tacos, enchiladas, salads, and beans, adding a creamy yet slightly tangy flavor. It can also be used in cooking to add richness without overpowering other ingredients. Being whole milk cheese, it offers a balanced creaminess that pairs well with fresh vegetables, grilled meats, and spicy",
    "image_url": "https://shop.kimelo.com/_next/image?url=https%3A%2F%2Fd3tlizm80tjdt4.cloudfront.net%2Fimage%2F13392%2Fimage%2Fsm-a1beb72594462199dfe813034c8f0f08.png&w=3840&q=50",
    "metadata": {
      "cheese_type": "Cheese, Queso Fresco, Casero, Bulk 12 Lbs - 112596",
      "source_url": "https://shop.kimelo.com/sku/cheese-queso-fresco-casero-bulk-12-lbs-112596/112596",
      "brand": "El Mexicano",
      "cheese_form": "Specialty Cheese",
      "sku": 112596,
      "upc": 112596,
      "price_per_lb": 4.12,
      "price_each": 49.39,
      "lb_per_each": 11.99,
      "case": "No"
    },
    "id": "c228ace569475fb882cc52a451f55f1b",
    "processed_at": "2025-05-08T15:36:10.689611"
  },
  {
    "description": "This is a high-quality sharp white cheddar cheese, presented in sliced form for convenient use. The product, branded by Hoffman’s, weighs 10 pounds and is packaged in a rectangular block within a simple, sturdy cardboard box, ensuring protection during handling and storage.\n\nAppearance:\nThe cheese is uniformly white, reflecting its \"white cheddar\" classification, and has a smooth and consistent texture visible on the cut surface. The slices are neatly stacked, indicating easy portioning for culinary applications.\n\nTexture and Flavor:\nAs a sharp cheddar, this cheese is known for its robust, tangy flavor profile with a pronounced sharpness that develops through extended aging. The texture typically balances firmness with slight crumbliness, characteristic of aged cheddar. The sliced format makes it versatile and ready for melting, sandwich-making, or direct consumption.\n\nOrigin and Brand:\nHoffman’s is a reputable cheese brand recognized for quality dairy products. This cheddar aligns with traditional cheddar-making methods, likely sourced from cow’s milk and aged to achieve its sharp taste.\n\nTypical Uses:\nThis sharp white cheddar is ideal for a range of culinary uses including sandwiches, burgers, cheese platters, and cooking where a bold cheese flavor is desired. Its sliced form adds convenience for quick serving or layering in recipes.\n\nPricing:\nPriced at $41.88 per 10-pound unit ($4.19 per pound), this product offers good value for large-scale food service or catering needs.\n\nOverall, Hoffman’s Sharp White Cheddar sliced cheese combines classic sharp cheddar",
    "image_url": "https://shop.kimelo.com/_next/image?url=https%3A%2F%2Fd3tlizm80tjdt4.cloudfront.net%2Fimage%2F16001%2Fimage%2Fsm-d62189f66ce8c51c9bbbd406104ca89e.png&w=3840&q=50",
    "metadata": {
      "cheese_type": "Cheese, Cheddar, Sharp, White, 10 Lb - 111680",
      "source_url": "https://shop.kimelo.com/sku/cheese-cheddar-sharp-white-10-lb-111680/111680",
      "brand": "Hoffman`s",
      "cheese_form": "Sliced Cheese",
      "sku": 111680,
      "upc": 111680,
      "price_per_lb": 4.19,
      "price_each": 41.88,
      "lb_per_each": 10.0,
      "case": "No"
    },
    "id": "8f5f6ee5f0296c9b7a78e7d681089398",
    "processed_at": "2025-05-08T15:36:15.993180"
  },
  {
    "description": "This product is Galbani Professional Shredded Mozzarella Cheese, a specialty cheese offering known for its high quality and excellent melting properties, ideal for culinary use.\n\n**Appearance and Form:**\nThe cheese comes pre-shredded in a red-labeled package, facilitating easy use in cooking and finishing dishes. The shredded form makes it convenient for sprinkling over pizzas, pasta, casseroles, and salads. The cheese appears as fine, uniform strands of creamy white mozzarella.\n\n**Texture and Characteristics:**\nMozzarella cheese is celebrated for its soft, elastic texture and mild, milky flavor. When melted, it transforms into a luscious, stretchy consistency, which is why it is a staple choice in classic Italian dishes. This shredded mozzarella is made from whole milk, ensuring a rich mouthfeel and superior melt quality.\n\n**Origin and Brand:**\nProduced by Galbani, a renowned Italian brand with a long-standing tradition in cheese-making, this product promises authentic flavor and professional-grade quality, making it favored by chefs and foodservice professionals.\n\n**Usage:**\nPerfect for hot dishes where melting is desired, such as pizza toppings, baked pasta, stuffed breads, and gourmet sandwiches. It also works well cold in salads or as a garnish.\n\n**Packaging and Pricing:**\nThe product is packaged in a 5 lb bag (net weight 2.27 kg), designed for bulk use in commercial kitchens. It is priced at approximately $3.19 per pound, with a total cost of",
    "image_url": "https://shop.kimelo.com/_next/image?url=https%3A%2F%2Fd3tlizm80tjdt4.cloudfront.net%2Fremote_images%2Fimage%2F2018%2Fsmall%2Fe6aa96eb9c4f11476e530c078ea7e9331b62c1f1b0bd80fbcd.jpg&w=3840&q=50",
    "metadata": {
      "cheese_type": "Cheese, Mozzarella, Wmlm, Shredded, Red Label, 6/5 Lb 124189",
      "source_url": "https://shop.kimelo.com/sku/cheese-mozzarella-wmlm-shredded-red-label-65-lb-124189/124189",
      "brand": "Galbani",
      "cheese_form": "Specialty Cheese",
      "sku": 124189,
      "upc": 124189,
      "price_per_lb": 3.19,
      "price_each": 95.83,
      "lb_per_each": 30.04,
      "case": "No"
    },
    "id": "eb0f4bddbfd0ca87d5ef7cbfaa266df3",
    "processed_at": "2025-05-08T15:36:21.619060"
  },
  {
    "description": "This product is a California Gold Mozzarella Cheese loaf, identified by SKU 125724. It comes in a large loaf form, specifically designed for versatile use in foodservice or large-scale culinary applications. The cheese is packed in a sealed plastic wrap, ensuring freshness and extended shelf life.\n\n**Appearance and Texture:**\nThe mozzarella loaf exhibits a smooth, creamy white surface typical of fresh mozzarella. Its form is rectangular, consistent with a loaf shape that can be easily sliced or shredded according to the needs of the user. Mozzarella cheese generally has a semi-soft texture, which is pliable and moist with a slight elasticity, making it ideal for melting.\n\n**Origin and Brand:**\nThis product is from the California Gold brand, which suggests a regional specialty linked to California’s rich dairy heritage. The brand is known for producing high-quality cheeses, often favored for both flavor and consistent texture.\n\n**Typical Uses:**\nMozzarella is renowned for its mild, milky flavor and melting properties. This loaf can be sliced for fresh applications in salads, sandwiches, or antipasto platters. It is especially popular in pizza making, where its excellent melt and stretch qualities are prized. It can also be shredded for casseroles, baked dishes, or used as a topping for pasta and vegetables.\n\n**Pricing and Packaging:**\nThe price per loaf is $104.08, with a weight of 8 packs of 6 lbs each, equating to a per pound cost of $2.17",
    "image_url": "https://shop.kimelo.com/_next/image?url=https%3A%2F%2Fd3tlizm80tjdt4.cloudfront.net%2Fremote_images%2Fimage%2F7214%2Fsmall%2Fe9ab65ec35fd13418c56e43a697f0cd6f2464279cf92c5e10b.jpg&w=3840&q=50",
    "metadata": {
      "cheese_type": "Cheese, Mozzarella, Lmwm, Cali Gold, Loaf, 8/6 Lb 125724",
      "source_url": "https://shop.kimelo.com/sku/cheese-mozzarella-lmwm-cali-gold-loaf-86-lb-125724/125724",
      "brand": "California Gold",
      "cheese_form": "Cheese Loaf",
      "sku": 125724,
      "upc": 125724,
      "price_per_lb": 2.17,
      "price_each": 104.08,
      "lb_per_each": 47.96,
      "case": "No"
    },
    "id": "0e46182e98a17233ee6580c8807f6316",
    "processed_at": "2025-05-08T15:36:26.748781"
  },
  {
    "description": "This is a specialty Bulgarian Feta cheese from the Atalanta brand, presented in a 1/7 kg brined form. The cheese is crafted from sheep's milk, a traditional ingredient in authentic Bulgarian Feta, known for its rich and tangy flavor profile.\n\n**Appearance and Packaging:**  \nThe cheese is packaged in a large, white plastic container with a secure lid, designed to maintain its freshness and moisture. The container features a green label that highlights the cheese's origin and key attributes, including its brined nature and the use of sheep's milk. The packaging indicates careful preservation typical of brined cheeses, which helps retain its characteristic texture and taste.\n\n**Texture and Characteristics:**  \nBulgarian Feta in brine is prized for its crumbly yet creamy texture, which becomes slightly firmer when chilled. The brine solution ensures the cheese stays moist while developing a tangy, slightly salty flavor that balances the rich creaminess derived from sheep's milk. This cheese’s texture makes it ideal for slicing, crumbling, or melting in various dishes.\n\n**Origin and Use:**  \nOriginating from Bulgaria, this Feta cheese is an authentic product reflecting traditional Eastern European cheese-making practices. It is culturally significant and typically enjoyed in salads, pastries, and Mediterranean dishes. Its robust flavor enhances both cold dishes like Greek salad and warm recipes such as baked goods and casseroles.\n\n**Purchase Details:**  \nThe product is sold at $72.00 per container, weighing approximately 15",
    "image_url": "https://shop.kimelo.com/_next/image?url=https%3A%2F%2Fd3tlizm80tjdt4.cloudfront.net%2Fimage%2F6242%2Fimage%2Fsm-9063431364cbcf7278cdde3f4d5f47fb.jpg&w=3840&q=50",
    "metadata": {
      "cheese_type": "Cheese, Feta, Bulgarian, In Brine, 1/7 Kg - 106845",
      "source_url": "https://shop.kimelo.com/sku/cheese-feta-bulgarian-in-brine-17-kg-106845/106845",
      "brand": "Atalanta",
      "cheese_form": "Specialty Cheese",
      "sku": 106845,
      "upc": 106845,
      "price_per_lb": 4.8,
      "price_each": 72.0,
      "lb_per_each": 15.0,
      "case": "No"
    },
    "id": "d5e82e7fd034ee641d2cd9a1eb9e2490",
    "processed_at": "2025-05-08T15:36:34.129592"
  },
  {
    "description": "This product is Galbani Fresh Mozzarella Ovoline, a specialty cheese renowned for its authentic Italian quality and delicate texture. Presented in a convenient, sealed container, this fresh mozzarella maintains its soft, moist consistency, which is typical of high-quality mozzarella cheeses.\n\nAppearance and Texture:\nGalbani Fresh Mozzarella Ovoline has a smooth, white exterior with a shiny, almost pearl-like surface indicative of its fresh status. The cheese has a soft, elastic texture that gently yields when pressed, showcasing its fresh and supple character. The \"ovoline\" form refers to its rounded, egg-shaped pieces, which are perfect for individual servings or slicing over salads and other dishes.\n\nOrigin and Brand:\nProduced by Galbani, a distinguished brand established in 1882 and celebrated as \"Italy’s Favorite Cheese Brand,\" this mozzarella is a product of the USA crafted to meet authentic Italian standards. The packaging highlights a picturesque Italian countryside, reinforcing the cheese’s heritage and artisanal quality.\n\nTypical Uses:\nThis fresh mozzarella is versatile and ideal for using in a variety of culinary applications. It melts beautifully, making it perfect for pizzas, lasagnas, and baked pasta dishes. Its fresh, milky flavor pairs excellently with ripe tomatoes, fresh basil, and a drizzle of olive oil in classic Caprese salads. Additionally, it's suitable for appetizers, sandwiches, and culinary dishes requiring a soft, creamy cheese.\n\nPricing and Quantity:\nThe product is offered at $34.67 per container,",
    "image_url": "https://shop.kimelo.com/_next/image?url=https%3A%2F%2Fd3tlizm80tjdt4.cloudfront.net%2Fremote_images%2Fimage%2F1050%2Fsmall%2F4d39f5a7140280525c6242eaa3c6a455f2fea2640ccdf683fe.jpg&w=3840&q=50",
    "metadata": {
      "cheese_type": "Cheese, Mozzarella, Fresh, Ovoline, Galbani, 2/3 Lb - 123382",
      "source_url": "https://shop.kimelo.com/sku/cheese-mozzarella-fresh-ovoline-galbani-23-lb-123382/123382",
      "brand": "Galbani",
      "cheese_form": "Specialty Cheese",
      "sku": 123382,
      "upc": 123382,
      "price_per_lb": 5.78,
      "price_each": 34.67,
      "lb_per_each": 6.0,
      "case": "No"
    },
    "id": "d845082135735d2a40eab4a2f97740c8",
    "processed_at": "2025-05-08T15:36:39.393029"
  },
  {
    "description": "This is a specialty imported feta cheese from the brand Ziria, presented in a large 14 kg container. The cheese is a traditional sheep and goat milk blend, characteristic of authentic Greek feta, known for its robust flavor profile and creamy yet crumbly texture. \n\nThe packaging is a sturdy, metal container with clear labeling, including the brand name Ziria and the product type \"Feta.\" The label features imagery that evokes Mediterranean origins, reinforcing the cheese's authenticity. This size makes it ideal for commercial or large-scale culinary uses, such as in restaurants, catering, or food production.\n\nZiria Feta cheese boasts a rich, tangy taste with a salty brine finish, typical of traditionally made feta cheeses. Its texture is firm enough to crumble easily over salads, pastries, and Mediterranean dishes, while also capable of melting slightly when baked. The combination of sheep and goat milk contributes to a balanced sweetness and depth of flavor that is both sharp and creamy.\n\nAt a premium price point of $166.17 per 14 kg container ($5.36 per lb), this feta is positioned as a high-quality imported specialty cheese. It is an excellent choice for chefs and connoisseurs seeking an authentic, artisanal feta with versatile culinary applications, from Greek salads and baked dishes to serving as part of cheese platters and appetizers.",
    "image_url": "https://shop.kimelo.com/_next/image?url=https%3A%2F%2Fd3tlizm80tjdt4.cloudfront.net%2Fremote_images%2Fimage%2F2224%2Fsmall%2F7cb4d700b40ef33831a2d0c139d2be7237896927905a07bab6.jpg&w=3840&q=50",
    "metadata": {
      "cheese_type": "Cheese, Feta, Sheep/goat, Imported, Ziria, 14 Kg 124111",
      "source_url": "https://shop.kimelo.com/sku/cheese-feta-sheepgoat-imported-ziria-14-kg-124111/124111",
      "brand": "Ziria",
      "cheese_form": "Specialty Cheese",
      "sku": 124111,
      "upc": 124111,
      "price_per_lb": 5.36,
      "price_each": 166.17,
      "lb_per_each": 31.0,
      "case": "No"
    },
    "id": "d8c5c310ed0b8221b74914c445171050",
    "processed_at": "2025-05-08T15:36:45.763769"
  },
  {
    "description": "This product is a packaged block of American Swiss processed cheese, produced under the Commodity Cheese brand. It is presented in a sliced format, making it convenient for use in sandwiches, burgers, and other quick-serve applications.\n\n**Appearance:**  \nThe cheese is pale yellow, characteristic of Swiss-style cheeses, and is pre-sliced for easy portioning and melting. The packaging displays a simple, clean design with a silhouette of a cow and a pastoral scene in blue, which suggests the dairy origin and natural quality of the product. The clear arrangement of slices inside the packaging ensures quick visual identification of portion size.\n\n**Texture and Characteristics:**  \nAs a processed American Swiss cheese, it offers a smooth, uniform texture that melts evenly. The processed nature ensures consistency in flavor and performance, with mild nutty and buttery notes typical of Swiss cheese but slightly creamier due to processing. This cheese is ideal for melting atop foods, providing the signature mild tang and meltability of Swiss cheese without the more pronounced holes or firmer texture found in traditional Swiss varieties.\n\n**Origin and Use:**  \nThough designed to emulate traditional Swiss cheese, this product is made in the United States, tailored to American taste preferences. It is commonly used in deli sandwiches, burgers, grilled cheese, and as a versatile melting cheese. The packaging indicates a total weight of 5 lbs per pack, sold in bulk slices (120 count), providing a cost-effective option priced at approximately $3.89 per lb.\n\nOverall, this American Swiss processed",
    "image_url": "https://shop.kimelo.com/_next/image?url=https%3A%2F%2Fd3tlizm80tjdt4.cloudfront.net%2Fimage%2F1474%2Fimage%2Fsm-f655d358744b5afb25fbb0300dcbd7e9.jpg&w=3840&q=50",
    "metadata": {
      "cheese_type": "Cheese, Swiss, Sliced, Processed, 120 Ct, (4) 5 Lb - 100014",
      "source_url": "https://shop.kimelo.com/sku/cheese-swiss-sliced-processed-120-ct-4-5-lb-100014/100014",
      "brand": "Commodity Cheese",
      "cheese_form": "Sliced Cheese",
      "sku": 100014,
      "upc": 100014,
      "price_per_lb": 3.89,
      "price_each": 19.47,
      "lb_per_each": 5.01,
      "case": "No"
    },
    "id": "d940da8008206a62b57b072fea67f8c3",
    "processed_at": "2025-05-08T15:36:51.679390"
  },
  {
    "description": "This is a single-serving portion of Philadelphia Original Cream Cheese, a widely recognized and beloved cream cheese brand produced by Kraft. The product is presented in a compact cup format, ideal for individual use, which ensures freshness and convenience.\n\n### Appearance and Texture:\nPhiladelphia Original Cream Cheese is known for its smooth, creamy texture that spreads easily at room temperature. The cheese is bright white in color, consistent with high-quality cream cheese standards. The creamy texture is dense yet soft, making it perfect for spreading, dipping, or blending into recipes.\n\n### Product Information:\n- **Type:** Cream Cheese\n- **Form:** Portion cup\n- **Brand:** Kraft\n- **SKU:** 41530\n- **UPC:** 41530\n- **Net Weight:** 1 oz (28.3 g)\n- **Price:** $51.49 per one (likely bulk packaging or commercial pricing), $0.51 per pound (price appears to have a mismatch likely due to bulk or packaging context), lb per one listed as 100.96 (possibly an error or bulk reference).\n\n### Ingredients and Quality:\nThe cream cheese is made from pasteurized nonfat milk and milkfat, supplemented with whey protein concentrate to enhance texture and protein content. Additional ingredients include cream, salt, and a combination of stabilizers and thickeners such as carob bean gum, xanthan gum, and guar gum. Sorbic acid is included as a preservative. The product contains vitamin A palmitate, a",
    "image_url": "https://shop.kimelo.com/_next/image?url=https%3A%2F%2Fd3tlizm80tjdt4.cloudfront.net%2Fremote_images%2Fimage%2F9657%2Fsmall%2F5ab654f51d8f2e0ef8a931a3ab768ea564c152a1904483a59b.jpg&w=3840&q=50",
    "metadata": {
      "cheese_type": "Cheese, Cream Cheese, Philadelphia, Portions, Cups - 111589",
      "source_url": "https://shop.kimelo.com/sku/cheese-cream-cheese-philadelphia-portions-cups-111589/41530",
      "brand": "Kraft",
      "cheese_form": "Cream Cheese",
      "sku": 41530,
      "upc": 41530,
      "price_per_lb": 0.51,
      "price_each": 51.49,
      "lb_per_each": 100.96,
      "case": "No"
    },
    "id": "03d52d7683387bb9794fe0a2724d4088",
    "processed_at": "2025-05-08T15:36:56.553538"
  },
  {
    "description": "This product is a specialty cheese from the California Gold brand, specifically a loaf of Mozzarella cheese. The cheese appears as a solid, smooth block with a creamy white color typical of fresh mozzarella varieties. The texture of this cheese, when sliced or shredded, is expected to be moist, elastic, and soft, ideal for melting due to mozzarella’s characteristic stretchiness and mild flavor profile.\n\nOriginating from the California Gold line, this mozzarella is crafted to offer a high-quality, fresh cheese suitable for a variety of culinary applications. It is commonly used in Italian dishes such as pizzas, lasagnas, and caprese salads, as well as in sandwiches and baked recipes where melting qualities are desired.\n\nThe packaging suggests that it is sold in an 8-pack of 6-pound loaves, making it well-suited for commercial use or for establishments requiring large quantities of mozzarella. The product is priced at $2.09 per pound, with a single 6-pound loaf priced at $12.54 approximately, and the complete package totaling around $100.16.\n\nOverall, California Gold's mozzarella loaf provides a versatile, authentic mozzarella cheese option with a smooth texture and mild, creamy taste perfect for melting, stretching, and enriching numerous dishes.",
    "image_url": "https://shop.kimelo.com/_next/image?url=https%3A%2F%2Fd3tlizm80tjdt4.cloudfront.net%2Fremote_images%2Fimage%2F7730%2Fsmall%2F66c3c8d496d6f67e6986f5b051fc2aa6406223c1602f88978c.jpg&w=3840&q=50",
    "metadata": {
      "cheese_type": "Cheese, Mozzarella, Pslm, Cali Gold, Loaf, 8/6 Lb 125986",
      "source_url": "https://shop.kimelo.com/sku/cheese-mozzarella-pslm-cali-gold-loaf-86-lb-125986/125986",
      "brand": "California Gold",
      "cheese_form": "Specialty Cheese",
      "sku": 125986,
      "upc": 125986,
      "price_per_lb": 2.09,
      "price_each": 100.16,
      "lb_per_each": 47.92,
      "case": "No"
    },
    "id": "c077f00d4988616e2cd6f6552d394c09",
    "processed_at": "2025-05-08T15:37:01.808062"
  },
  {
    "description": "This cheese is a Wheel of Parmesan from the USA, produced under the Galbani brand. Presented in a substantial 20-pound average wheel, this cheese is ideal for both culinary professionals and serious home cooks who appreciate authentic, high-quality Parmesan.\n\n**Appearance:**  \nThe cheese wheel has a natural, earthy rind with a pale to golden yellow hue typical of aged Parmesan. The surface is smooth and firm, suggesting a well-aged and carefully crafted cheese. The label on top indicates brand authenticity and provides key product information.\n\n**Texture and Characteristics:**  \nParmesan cheese is known for its hard, granular texture, which becomes more pronounced as it ages. This cheese likely has a dense, crystalline structure with a slightly crumbly yet firm bite. The aging process imparts a rich, savory flavor profile, with nutty and fruity undertones, and a distinct umami depth that makes it perfect for grating or shaving over dishes.\n\n**Origin:**  \nProduced in the USA, this cheese emulates the traditional qualities of Italian Parmesan, crafted with meticulous attention to detail to ensure authentic flavor and texture, suitable for both cooking and finishing gourmet dishes.\n\n**Typical Uses:**  \nThis large wheel is excellent for a range of culinary applications. It can be grated over pastas, risottos, soups, and salads to add a burst of savory flavor. It is also perfect for shaving onto carpaccio or incorporating into sauces and baked dishes. Given its size and quality, it is well suited for restaurants, del",
    "image_url": "https://shop.kimelo.com/_next/image?url=https%3A%2F%2Fd3tlizm80tjdt4.cloudfront.net%2Fimage%2F12274%2Fimage%2Fsm-64a4aa1bc8ce6d4a0e316c4b84cca0b9.png&w=3840&q=50",
    "metadata": {
      "cheese_type": "Cheese, Parmesan, Wheel, Usa, 20 Lb Avg - 112306",
      "source_url": "https://shop.kimelo.com/sku/cheese-parmesan-wheel-usa-20-lb-avg-112306/112306",
      "brand": "Galbani",
      "cheese_form": "Cheese Wheel",
      "sku": 112306,
      "upc": 112306,
      "price_per_lb": 5.58,
      "price_each": 111.67,
      "lb_per_each": 20.01,
      "case": "No"
    },
    "id": "017f85689ac869f1f82647c149b4944f",
    "processed_at": "2025-05-08T15:37:06.645548"
  },
  {
    "description": "This product is Alambra Traditional Halloumi, a classic Greek cheese known for its distinctive texture and excellent grilling properties. Presented in sliced form, this Halloumi is packaged conveniently for direct use in cooking or serving.\n\n### Appearance and Texture:\nThe cheese appears in white or pale ivory slices, typical of Halloumi, which has a firm and semi-firm texture. It is slightly rubbery and dense yet pliable, which allows it to hold its shape well when cooked. The cheese has a smooth surface with a few characteristic small eyes or air pockets, contributing to its unique mouthfeel.\n\n### Characteristics:\nHalloumi is renowned for its high melting point, making it ideal for grilling or frying without losing shape. When cooked, it develops a golden-brown crust while maintaining a soft and slightly chewy center with a mild saltiness and subtle tangy notes. The texture combines creaminess with a slight bounce, appealing to those seeking a versatile cheese for hot dishes.\n\n### Origin:\nThis Halloumi is imported from Greece, adhering to traditional methods that preserve the authentic taste and texture associated with Mediterranean cheese-making.\n\n### Uses:\nIdeal for grilling, frying, or incorporating into salads, Halloumi is highly versatile. It pairs well with fresh vegetables, herbs, and citrus, making it a favored choice for Mediterranean-style dishes. Its ability to withstand heat makes it perfect for appetizers, sandwiches, or simply served with olive oil and lemon.\n\n### Pricing:\n- Price per pack (8.8",
    "image_url": "https://shop.kimelo.com/_next/image?url=https%3A%2F%2Fd3tlizm80tjdt4.cloudfront.net%2Fremote_images%2Fimage%2F1998%2Fsmall%2F92cb453b056d15b02a89fefb67e39797fc58b0a4398a29b53f.jpg&w=3840&q=50",
    "metadata": {
      "cheese_type": "Cheese, Halloumi, Tradition, Greek, Import, 40/8.8 Oz 124144",
      "source_url": "https://shop.kimelo.com/sku/cheese-halloumi-tradition-greek-import-4088-oz-124144/124144",
      "brand": "Alambra",
      "cheese_form": "Sliced Cheese",
      "sku": 124144,
      "upc": 124144,
      "price_per_lb": 8.97,
      "price_each": 197.35,
      "lb_per_each": 22.0,
      "case": "No"
    },
    "id": "af964f9df0f11a8c74d4017c3cc4c159",
    "processed_at": "2025-05-08T15:37:12.465197"
  },
  {
    "description": "This image showcases Cucina's Feta Cheese preserved in brine, presented in a specialty cheese form. The feta is characterized by its crumbly yet creamy texture, visible through the slightly soft, yet firm white curds immersed in the pale yellowish brine. The brine not only acts as a preservation medium but also contributes to the cheese’s distinctive salty and tangy flavor profile.\n\nOriginating from traditional Mediterranean cheese-making methods, feta is commonly made from sheep’s milk or a combination of sheep and goat’s milk, known for its rich, slightly sharp taste. This particular product is packaged in an 8 lb pail, making it ideal for bulk usage in culinary settings such as restaurants or catering.\n\nFeta cheese in brine is versatile, widely used in salads, pastries like spanakopita, sandwiches, and as a flavorful topping for grilled vegetables or meats. Its crumbly texture and tangy flavor make it a staple in Mediterranean and Middle Eastern cuisine, as well as an exciting addition to various contemporary dishes.\n\nThe pricing reflects $29.44 per pail, around $3.68 per pound, making this a cost-effective option for chefs and food enthusiasts seeking authentic, high-quality feta cheese in substantial quantities. The SKU and UPC both show as 124284, simplifying inventory tracking and reordering.",
    "image_url": "https://shop.kimelo.com/_next/image?url=https%3A%2F%2Fd3tlizm80tjdt4.cloudfront.net%2Fremote_images%2Fimage%2F7673%2Fsmall%2F0b979f0fa945c83473934cf317ee8339e16a68ae1af19108f3.jpg&w=3840&q=50",
    "metadata": {
      "cheese_type": "Cheese, Feta, In Brine, Pail, (2) 8 Lb 124284",
      "source_url": "https://shop.kimelo.com/sku/cheese-feta-in-brine-pail-2-8-lb-124284/124284",
      "brand": "Cucina",
      "cheese_form": "Specialty Cheese",
      "sku": 124284,
      "upc": 124284,
      "price_per_lb": 3.68,
      "price_each": 29.44,
      "lb_per_each": 8.0,
      "case": "No"
    },
    "id": "c0657ccef76352668199e88c97beeeb1",
    "processed_at": "2025-05-08T15:37:18.358670"
  },
  {
    "description": "This image features slices of sharp cheddar cheese from California Select Farms. The cheese slices exhibit a rich, deep orange color consistent with traditionally aged cheddar, suggesting a robust flavor profile. Each slice appears thin and uniformly cut, characteristic of ready-to-use cheese slices designed for convenience and versatility.\n\nThe texture, as visible in the image, is smooth with slight crumbliness indicative of sharp cheddar, which typically develops a firmer but still pliable consistency due to the aging process. These slices are likely to provide a tangy, bold flavor with a slight nuttiness and sharp finish, typical of sharp cheddars.\n\nPresented in 0.75-ounce individual slices, they are interleaved for easy separation and use, making them ideal for sandwiches, burgers, or as a quick snack addition. With a price of $9.56 for a pack of eight slices (totaling about 1.5 pounds), or $6.37 per pound, these slices balance quality and convenience for everyday use.\n\nOverall, California Select Farms sharp cheddar sliced cheese is a practical choice for consumers seeking a flavorful, ready-to-eat cheese that enhances meals with its distinct sharpness while providing ease of use in portion-controlled servings.",
    "image_url": "https://shop.kimelo.com/_next/image?url=https%3A%2F%2Fd3tlizm80tjdt4.cloudfront.net%2Fimage%2F10347%2Fimage%2Fsm-e678c1718263a65a402310e22e32ac8a.jpg&w=3840&q=50",
    "metadata": {
      "cheese_type": "Cheese, Cheddar, Sharp, Slcd, Interleaf, 0.75 Oz, (8) 103603",
      "source_url": "https://shop.kimelo.com/sku/cheese-cheddar-sharp-slcd-interleaf-075-oz-8-103603/103603",
      "brand": "California Select Farms",
      "cheese_form": "Sliced Cheese",
      "sku": 103603,
      "upc": 103603,
      "price_per_lb": 6.37,
      "price_each": 9.56,
      "lb_per_each": 1.5,
      "case": "No"
    },
    "id": "122fd55411e49ab8c48975189599dc3a",
    "processed_at": "2025-05-08T15:37:22.828698"
  },
  {
    "description": "This product is a sliced Monterey Jack cheese from the brand Cheese Crafters, packaged as part of an 8-pack, each weighing 1.5 pounds (24 ounces or 681 grams). The cheese originates from California, as indicated by the \"California Select Farms\" branding on the label, emphasizing a regional connection that often suggests freshness and quality aligned with California's dairy farming traditions.\n\n**Appearance and Form:**  \nThe product is neatly sliced, ideal for convenient use in sandwiches, melting on burgers, or layering in various recipes. The cheese has a pale, creamy white color typical of Monterey Jack, showcasing a smooth and semi-soft texture that is visually evident through the clear packaging.\n\n**Texture and Characteristics:**  \nMonterey Jack is known for its mild flavor and creamy consistency. This particular cheese likely offers a buttery, slightly sweet taste with a supple yet firm texture that melts well without becoming greasy. The label’s emphasis on being gluten-free highlights its suitability for consumers seeking allergen-conscious products.\n\n**Uses and Applications:**  \nSliced Monterey Jack cheese is versatile and popular in everyday cooking. It melts smoothly, making it excellent for grilled cheese sandwiches, quesadillas, burgers, and casseroles. Its mild flavor complements a wide range of other ingredients without overpowering them, making it suitable for both cooking and fresh consumption.\n\n**Price and Value:**  \nPriced at $5.97 per 1.5-pound package, with a cost of approximately $3.98 per pound, this",
    "image_url": "https://shop.kimelo.com/_next/image?url=https%3A%2F%2Fd3tlizm80tjdt4.cloudfront.net%2Fimage%2F9201%2Fimage%2Fsm-4b09eacd768b0bf3bc71bca949fe2915.jpg&w=3840&q=50",
    "metadata": {
      "cheese_type": "Cheese, Monterey Jack, Sliced, (8) 1.5 Lb - 103599",
      "source_url": "https://shop.kimelo.com/sku/cheese-monterey-jack-sliced-8-15-lb-103599/103599",
      "brand": "Cheese Crafters",
      "cheese_form": "Sliced Cheese",
      "sku": 103599,
      "upc": 103599,
      "price_per_lb": 3.98,
      "price_each": 5.97,
      "lb_per_each": 1.5,
      "case": "No"
    },
    "id": "020f2289fb752e0b67aba298c2594e59",
    "processed_at": "2025-05-08T15:37:31.990467"
  },
  {
    "description": "This image depicts a substantial 5-pound loaf of imported Gruyère cheese under the Packer brand, identified by SKU 108978. The packaging showcases traditional Le Gruyère Switzerland branding, conveying its authentic Swiss origin.\n\nGruyère is a firm, pale yellow cheese known for its smooth, dense texture and slight crumbly nature when fully matured. It has a characteristic nutty and slightly sweet flavor profile that intensifies with aging. This cheese loaf is ideal for culinary uses such as melting in fondues, gratins, quiches, and French onion soup, thanks to its excellent melting properties and rich taste.\n\nGiven its size and form as a loaf, this cheese is well-suited for professional kitchens or serious cheese enthusiasts who require a larger quantity for diverse cooking applications or slicing for platters. The price point of $67.30 per 5 lb loaf ($13.46 per pound) reflects its premium quality and imported status, making it both a flavorful and economical choice for gourmet food preparation.\n\nIn summary, this imported Gruyère cheese loaf is a versatile, high-quality Swiss cheese prized for its authentic flavor, melting capabilities, and suitability for various gourmet dishes.",
    "image_url": "https://shop.kimelo.com/_next/image?url=https%3A%2F%2Fd3tlizm80tjdt4.cloudfront.net%2Fimage%2F7423%2Fimage%2Fsm-05cc51bafdb84958b8c527b8a3a8fecb.jpg&w=3840&q=50",
    "metadata": {
      "cheese_type": "Cheese, Gruyere, Imported, Loaf, (2) 5 Lb - 108978",
      "source_url": "https://shop.kimelo.com/sku/cheese-gruyere-imported-loaf-2-5-lb-108978/108978",
      "brand": "Packer",
      "cheese_form": "Cheese Loaf",
      "sku": 108978,
      "upc": 108978,
      "price_per_lb": 13.46,
      "price_each": 67.3,
      "lb_per_each": 5.0,
      "case": "No"
    },
    "id": "e2b75a731748a006233292e926b5aca9",
    "processed_at": "2025-05-08T15:37:36.079255"
  },
  {
    "description": "This image depicts a wedge of Saganaki cheese, a traditional Greek cheese known for its firm texture and golden-yellow hue. The cheese shown is sliced, revealing a smooth, slightly oily surface typical of well-aged Saganaki.\n\n### Appearance and Texture:\nThe cheese has a firm, dense structure with a uniform pale yellow color that deepens slightly toward the edges. Its surface appears smooth but with a subtle natural grain that suggests a hard cheese variety. The edges are cleanly cut, indicating it slices well without crumbling. This firmness is ideal for frying or grilling, which are classic uses for Saganaki.\n\n### Characteristics:\nSaganaki cheese is traditionally made from sheep’s milk or a blend of sheep and goat milk, lending it a tangy, slightly salty, and savory flavor profile. It melts well but retains its shape when heated, making it perfect for the eponymous Greek appetizer \"Saganaki\"—pan-fried cheese served hot with a crispy, golden crust.\n\n### Origin:\nThis particular cheese is imported from Greece and produced by Metsobo A.e., a reputable brand known for authentic Greek cheeses. The product is a substantial 7-pound average weight, making it suitable for both retail and culinary professional use.\n\n### Typical Uses:\n- **Saganaki appetizer:** Pan-fried until golden and crispy, often flambéed with a splash of ouzo or lemon juice\n- **Cooking:** Adds depth to pasta dishes, salads, and baked casseroles\n-",
    "image_url": "https://shop.kimelo.com/_next/image?url=https%3A%2F%2Fd3tlizm80tjdt4.cloudfront.net%2Fremote_images%2Fimage%2F8993%2Fsmall%2Fe5e6885ff13c2fe97bc05df189a3c03c0339d2260d615749a9.jpg&w=3840&q=50",
    "metadata": {
      "cheese_type": "Cheese, Saganaki, Hard, Greek, Import, 7 Lb Avg (6) 125801",
      "source_url": "https://shop.kimelo.com/sku/cheese-saganaki-hard-greek-import-7-lb-avg-6-125801/373628",
      "brand": "Metsobo A.e.",
      "cheese_form": "Sliced Cheese",
      "sku": 373628,
      "upc": 373628,
      "price_per_lb": 68.53,
      "price_each": 68.53,
      "lb_per_each": 1.0,
      "case": "No"
    },
    "id": "89d212486d71af1176429c327ed8aac7",
    "processed_at": "2025-05-08T15:37:42.398842"
  },
  {
    "description": "This product is Galbani Premio Shredded Mozzarella Cheese, a blend formulated from whole milk low moisture and low moisture part skim mozzarella. Presented in a convenient shredded form, this cheese is ideal for effortless incorporation into a variety of dishes, especially those needing quick melting properties.\n\n### Appearance:\nThe shredded mozzarella has a pale, creamy white color typical of mozzarella, with a consistent, finely shredded texture. This fine shred structure allows for even melting and smooth coverage on pizzas, casseroles, pasta dishes, and baked specialties.\n\n### Texture and Characteristics:\nThis cheese blend combines the creamy, smooth characteristics of whole milk mozzarella with the lighter texture and fat content of part skim mozzarella. The cheese is designed to melt beautifully with a stretch and mild flavor profile that is characteristic of East Coast style mozzarella cheeses. It offers balanced moisture content to avoid excessive oiling or drying when cooked, maintaining an attractive gooey finish.\n\n### Origin and Brand:\nGalbani is a well-established Italian cheese brand known for quality dairy products. The \"Premio\" line emphasizes premium quality designed for professional or high-volume use, making it suitable for commercial kitchens and serious culinary enthusiasts.\n\n### Usage:\nThis shredded mozzarella blend is perfect for pizza toppings, lasagnas, garlic breads, and Italian-style casseroles where the cheese must melt uniformly and provide a mild, creamy flavor. Its convenient shredded form saves prep time while maintaining a fresh taste and texture.\n\n### Packaging and Pricing:\nThe cheese is sold in a bulk size of ",
    "image_url": "https://shop.kimelo.com/_next/image?url=https%3A%2F%2Fd3tlizm80tjdt4.cloudfront.net%2Fimage%2F13860%2Fimage%2Fsm-1505a5e7aa7570e69e7ca77cf4c49a97.png&w=3840&q=50",
    "metadata": {
      "cheese_type": "Cheese, Blend, Mozz, Wm & Ps, Premio Shred, 6/5 Lb - 112492",
      "source_url": "https://shop.kimelo.com/sku/cheese-blend-mozz-wm-ps-premio-shred-65-lb-112492/112492",
      "brand": "Galbani Premio",
      "cheese_form": "Shredded Cheese",
      "sku": 112492,
      "upc": 112492,
      "price_per_lb": 3.38,
      "price_each": 101.51,
      "lb_per_each": 30.03,
      "case": "No"
    },
    "id": "965cd2e2505df9375f9c563ce02047d6",
    "processed_at": "2025-05-08T15:38:09.671041"
  },
  {
    "description": "This is a cream cheese loaf by the brand Raskas, featuring a classic rectangular block shape typically crafted for ease of slicing and spreading. The packaging is a foil-wrapped rectangular block measuring 48 oz (3 lbs), emphasizing convenience for both commercial and home use.\n\nRaskas cream cheese is renowned for its smooth, creamy texture and mild, slightly tangy flavor characteristic of premium cream cheese. It is made using fresh cream and milk, lending a rich, luscious consistency that spreads effortlessly and melts beautifully when heated. The white, velvety appearance of the cheese indicates a high moisture content typical of cream cheese, suitable for a variety of culinary uses.\n\nOriginating from a brand established in 1945, Raskas cream cheese has a heritage that speaks to quality and reliability. This product is ideal for baking, cooking, and spreading applications—excellent for cheesecakes, dips, frostings, and enhancing savory dishes. Available in a 10-pack of 3 lb loaves, it is especially suited for foodservice professionals or consumers requiring larger quantities.\n\nWith a price point approximately $2.85 per pound, it offers good value, especially given its consistent quality and creamy texture. The cheese’s presentation in a robust foil package also helps maintain freshness and is practical for storage.\n\nIn summary, the Raskas Cream Cheese Loaf is a versatile, high-quality cream cheese with a smooth texture and pleasant flavor profile, perfect for both culinary professionals and home cooks seeking a reliable cream cheese",
    "image_url": "https://shop.kimelo.com/_next/image?url=https%3A%2F%2Fd3tlizm80tjdt4.cloudfront.net%2Fimage%2F13945%2Fimage%2Fsm-beec542c40fb4977939baab11abd9a9c.png&w=3840&q=50",
    "metadata": {
      "cheese_type": "Cheese, Cream, Loaf, 10/3 Lb - 112699",
      "source_url": "https://shop.kimelo.com/sku/cheese-cream-loaf-103-lb-112699/112699",
      "brand": "Raskas",
      "cheese_form": "Cheese Loaf",
      "sku": 112699,
      "upc": 112699,
      "price_per_lb": 2.85,
      "price_each": 85.56,
      "lb_per_each": 30.02,
      "case": "No"
    },
    "id": "6ed48c15984e66eb759db567cefc2476",
    "processed_at": "2025-05-08T15:38:44.020824"
  },
  {
    "description": "This image features a whole wheel of Kefalotyri cheese, a traditional Greek hard cheese produced by Metsobo A.E. The cheese wheel is round and firm, with a smooth, pale exterior rind typical of aged hard cheeses. The label prominently displays the name \"Kefalotyri,\" along with Greek motifs and an illustration that hints at the cheese's mountain origin, reinforcing its authentic heritage.\n\nKefalotyri is a sheep's milk or mixed sheep and goat’s milk cheese known for its dense, crumbly texture and sharp, tangy flavor, which intensifies as it ages. This type of cheese is commonly used in Greek cuisine both as a table cheese and for cooking purposes, notably in grilling and frying (such as in the popular dish saganaki) due to its excellent melting properties and robust taste profile.\n\nThe product form is sliced cheese, making it convenient for immediate culinary use or serving. With an average weight of 18 pounds per wheel and a price reflecting its premium craftsmanship at $8.67 per pound ($156.06 per wheel), this imported cheese presents a fine choice for cheese connoisseurs and chefs seeking authentic Mediterranean flavors.\n\nIdeal for pairing with olives, fresh bread, or incorporating into hearty Mediterranean recipes, Kefalotyri by Metsobo A.E. offers a rich taste of Greek tradition and artisanal quality.",
    "image_url": "https://shop.kimelo.com/_next/image?url=https%3A%2F%2Fd3tlizm80tjdt4.cloudfront.net%2Fremote_images%2Fimage%2F2228%2Fsmall%2Ff9ce4763fea7376f93257d4fc25b186ab2c423231574348ceb.jpg&w=3840&q=50",
    "metadata": {
      "cheese_type": "Cheese, Kefalotyri, Hard, Wheel, Greek, Import, 18 Lb Avg 124125",
      "source_url": "https://shop.kimelo.com/sku/cheese-kefalotyri-hard-wheel-greek-import-18-lb-avg-124125/124125",
      "brand": "Metsobo A.e.",
      "cheese_form": "Sliced Cheese",
      "sku": 124125,
      "upc": 124125,
      "price_per_lb": 8.67,
      "price_each": 156.06,
      "lb_per_each": 18.0,
      "case": "No"
    },
    "id": "e618badd753c2e54391572746dc4939d",
    "processed_at": "2025-05-08T15:38:51.241511"
  },
  {
    "description": "This cheese is a Monterey Jack cheese loaf by the brand Packer, sold in a 5-pound block weighing approximately 2.27 kg. Monterey Jack is a semi-soft, pale yellow cheese known for its smooth and creamy texture with a mild, buttery flavor profile that is both versatile and widely appreciated.\n\n**Appearance and Form:**\nThe cheese is presented in a large rectangular loaf form, making it suitable for slicing, shredding, or melting. Its pale, creamy yellow color is typical of Monterey Jack, indicating a fresh and mild cheese without added spices or herbs.\n\n**Texture and Characteristics:**\nMonterey Jack cheese typically has a smooth, semi-soft texture that becomes slightly firmer as it ages. This cheese is known for its excellent melting qualities along with a gentle flavor that complements a wide range of dishes without overpowering them.\n\n**Origin and Uses:**\nOriginating from the United States, Monterey Jack is widely used in American and Mexican cuisines. It is ideal for cooking applications such as melting in sandwiches, quesadillas, casseroles, and sauces. It also works well sliced for sandwiches or served fresh on cheese platters.\n\n**Packaging and Pricing:**\nThis product comes in a substantial 5-pound loaf, perfect for family-sized cooking or food service use. The listed price per loaf is $18.45, averaging $3.69 per pound, offering good value for a quality cheese product.\n\nIn summary, Packer’s Monterey Jack cheese loaf offers a reliable, mild-fl",
    "image_url": "https://shop.kimelo.com/_next/image?url=https%3A%2F%2Fd3tlizm80tjdt4.cloudfront.net%2Fimage%2F5981%2Fimage%2Fsm-8006f8100c50aee751d5e74b228445bf.jpg&w=3840&q=50",
    "metadata": {
      "cheese_type": "Cheese, Monterey Jack, Loaf, (2) 5 Lb - 107600",
      "source_url": "https://shop.kimelo.com/sku/cheese-monterey-jack-loaf-2-5-lb-107600/107600",
      "brand": "Packer",
      "cheese_form": "Cheese Loaf",
      "sku": 107600,
      "upc": 107600,
      "price_per_lb": 3.69,
      "price_each": 18.45,
      "lb_per_each": 5.0,
      "case": "No"
    },
    "id": "3a7bb8972856d622e626439bde4ea6b9",
    "processed_at": "2025-05-08T15:38:57.005517"
  },
  {
    "description": "This product is Galbani Shredded Asiago Cheese, presented in a bulk 5-pound package, ideal for culinary professionals and cheese enthusiasts who require convenience and quality in larger quantities.\n\n**Appearance and Texture:**\nThe shredded Asiago cheese appears as fine, thin strands with a pale ivory to light yellow color, typical of Asiago cheese. The shredding results in a texture that is both tender and slightly firm, making it perfect for melting and easy distribution over dishes. The uniformity of the shredded pieces ensures consistent melting and flavor distribution.\n\n**Characteristics and Flavor Profile:**\nAsiago cheese originates from the Asiago plateau in the Veneto region of Italy. It offers a mild, nutty, and slightly tangy flavor when fresh, which intensifies with age. Galbani's shredded Asiago is most likely derived from a semi-soft version of Asiago known as Asiago Pressato. This cheese melts beautifully, with a buttery and creamy finish, enhancing many dishes without overpowering other flavors.\n\n**Typical Uses:**\nShredded Asiago is versatile in culinary applications. It is commonly used as a topping for pizzas, pasta, and casseroles, adding a distinctive richness and meltability. Its flavor complements salads, sandwiches, and even soups when sprinkled on top. Its fine shred style makes it easy to incorporate into recipes that require an even distribution of cheese.\n\n**Packaging and Pricing:**\nThe product is sold under the trusted Galbani brand, known for authentic Italian cheese",
    "image_url": "https://shop.kimelo.com/_next/image?url=https%3A%2F%2Fd3tlizm80tjdt4.cloudfront.net%2Fimage%2F11540%2Fimage%2Fsm-dc389e1a3b99419ba379e3fb3916db94.png&w=3840&q=50",
    "metadata": {
      "cheese_type": "Cheese, Asiago, Shredded, (6) 5 Lb - 111711",
      "source_url": "https://shop.kimelo.com/sku/cheese-asiago-shredded-6-5-lb-111711/111711",
      "brand": "Galbani",
      "cheese_form": "Shredded Cheese",
      "sku": 111711,
      "upc": 111711,
      "price_per_lb": 5.21,
      "price_each": 26.06,
      "lb_per_each": 5.0,
      "case": "No"
    },
    "id": "8a752b96f2bb8be9073ab9c1f55a598f",
    "processed_at": "2025-05-08T15:39:02.167928"
  },
  {
    "description": "This product is a block of Monterey Jack cheese, specifically a large 40-pound average block, sold under the Packer brand. The cheese is packaged in a solid block form, appearing smooth and uniform in texture with a pale, creamy off-white color typical of Monterey Jack.\n\nMonterey Jack is a semi-hard cheese known for its mild, buttery flavor with subtle tangy undertones, making it versatile for various culinary uses. Its texture is firm yet slightly creamy, which allows for easy slicing and melting. This particular product is listed as \"sliced cheese,\" indicating it can be portioned into slices for convenience.\n\nOriginating from California, Monterey Jack is widely appreciated in American cuisine. It melts well, which makes it ideal for use in sandwiches, burgers, quesadillas, and as a topping for casseroles or baked dishes. The 40-pound block size is suitable for commercial kitchens, restaurants, or bulk purchasers looking for consistent quality and cost-efficiency.\n\nWith a price of $112 per block, translating to approximately $2.80 per pound, this product offers both value and quality for those needing larger quantities of this staple cheese variety. The firm, pliable texture and creamy flavor profile make it a versatile choice for melting, slicing, and cooking applications.",
    "image_url": "https://shop.kimelo.com/_next/image?url=https%3A%2F%2Fd3tlizm80tjdt4.cloudfront.net%2Fimage%2F11519%2Fimage%2Fsm-6f1eb10583921d3db8a9df08b378c1bd.jpeg&w=3840&q=50",
    "metadata": {
      "cheese_type": "Cheese, Monterey Jack, Block, 40 Lb Avg - 103562",
      "source_url": "https://shop.kimelo.com/sku/cheese-monterey-jack-block-40-lb-avg-103562/103562",
      "brand": "Packer",
      "cheese_form": "Sliced Cheese",
      "sku": 103562,
      "upc": 103562,
      "price_per_lb": 2.8,
      "price_each": 112.0,
      "lb_per_each": 40.0,
      "case": "No"
    },
    "id": "863d08e1baca5b970a74ae155094f9b4",
    "processed_at": "2025-05-08T15:39:06.753530"
  },
  {
    "description": "This image showcases a Tillamook Medium Cheddar cheese loaf, a high-quality product well-regarded for its consistent flavor and versatility. Packaged in a rectangular block weighing 5 pounds, this cheese loaf represents an economical choice for both culinary professionals and cheese enthusiasts who prefer purchasing in bulk.\n\nAppearance-wise, the cheese features a smooth, uniform pale orange rind indicative of traditional medium cheddar, with a clean, solid surface typical of a well-pressed block. The packaging is bright orange with the Tillamook logo prominently centered, signaling its trusted brand heritage. The loaf form is ideal for slicing, shredding, or cubing.\n\nIn terms of texture, medium cheddar like this Tillamook variety is known for its firm yet slightly pliable body, making it easy to cut and melt. The cheese offers a balanced flavor profile—mildly sharp with creamy undertones—which makes it suitable for a wide variety of culinary applications. Whether used in sandwiches, mac and cheese, gratins, or cheese boards, its medium intensity enhances dishes without overpowering other ingredients.\n\nOriginating from Tillamook, a region famed for its rich dairy farming traditions and stringent quality standards, this cheese benefits from high-quality milk sourced from local farmers. The block's 5-pound size and a price-point of $6.02 per pound ($30.08 total) make it a practical choice for food service or home use by those seeking authentic, flavorful cheddar in bulk.\n\nIn summary, the Tillamook Medium Che",
    "image_url": "https://shop.kimelo.com/_next/image?url=https%3A%2F%2Fd3tlizm80tjdt4.cloudfront.net%2Fimage%2F2254%2Fimage%2Fsm-cd0c941b11ba4b342c17c421fe3e4d95.jpeg&w=3840&q=50",
    "metadata": {
      "cheese_type": "Cheese, Cheddar, Medium, Loaf, (2) 5lb - 106815",
      "source_url": "https://shop.kimelo.com/sku/cheese-cheddar-medium-loaf-2-5lb-106815/106815",
      "brand": "Tillamook",
      "cheese_form": "Cheese Loaf",
      "sku": 106815,
      "upc": 106815,
      "price_per_lb": 6.02,
      "price_each": 30.08,
      "lb_per_each": 5.0,
      "case": "No"
    },
    "id": "e6c4147cc9760953fd5ba1b7fd7c2f7f",
    "processed_at": "2025-05-08T15:39:11.885153"
  },
  {
    "description": "This cheese product is a bulk quantity of cream cheese, specifically frozen and available in a 30-pound container. The brand, Packer, offers this cream cheese in a simple white bowl, showcasing a smooth, creamy texture that is typical of traditional cream cheese. The surface appears soft and slightly dense, with a rich, uniform off-white color, indicating freshness and quality.\n\nCream cheese is a fresh, unripened cheese made from a mixture of cream and milk. Its texture is spreadable, smooth, and velvety, making it highly versatile for culinary use. This particular bulk form is ideal for commercial kitchens, bakeries, or food service operations that require large quantities.\n\nOriginating primarily from pasteurized cow’s milk, cream cheese is known for its mild tangy flavor, which provides a creamy richness without overpowering other ingredients. It is commonly used in both sweet and savory preparations, including cheesecakes, frostings, dips, spreads, and as a base for various sauces.\n\nThis Packer cream cheese bulk package, priced at approximately $1.50 per pound and $44.92 for the whole unit, provides an economical choice for extensive use in food production. Its frozen state ensures prolonged shelf life and ease of storage until ready for thawing and integration into recipes.\n\nOverall, this 30-pound frozen bulk cream cheese from Packer is a practical and economical option for professional culinary applications requiring consistent quality, rich creamy texture, and versatility in flavor profiles.",
    "image_url": "https://shop.kimelo.com/_next/image?url=https%3A%2F%2Fd3tlizm80tjdt4.cloudfront.net%2Fremote_images%2Fimage%2F9503%2Fsmall%2Fc20e0679de38f6e24091a6d1a19b28f6ec8d244a5fb5adbe48.jpg&w=3840&q=50",
    "metadata": {
      "cheese_type": "Cheese, Cream, Bulk, Frozen, 30 Lb",
      "source_url": "https://shop.kimelo.com/sku/cheese-cream-bulk-frozen-30-lb/374448",
      "brand": "Packer",
      "cheese_form": "Cream Cheese",
      "sku": 374448,
      "upc": 374448,
      "price_per_lb": 1.5,
      "price_each": 44.92,
      "lb_per_each": 29.95,
      "case": "No"
    },
    "id": "0a5db656176dbb86798ff0bed5603c66",
    "processed_at": "2025-05-08T15:39:20.030580"
  },
  {
    "description": "This product is Galbani Fresh Mozzarella Cheese, presented in a convenient cheese loaf form and thinly sliced, making it ideal for easy use in a variety of dishes. Known for its soft, creamy texture and mild, milky flavor, fresh mozzarella is prized for its melting qualities and delicate freshness.\n\n**Appearance and Texture:**  \nThe cheese loaf is smooth and bright white, reflecting the freshness typical of quality mozzarella. Thin slicing allows for uniformity in portioning, perfect for layering in sandwiches, salads, or melting evenly on pizzas. The texture is moist and supple, characteristic of fresh mozzarella, with a slightly elastic bite that enhances mouthfeel.\n\n**Origin:**  \nGalbani is a reputable Italian cheese brand with a longstanding tradition in producing authentic mozzarella. This cheese leverages traditional methods while ensuring consistent quality for modern culinary use.\n\n**Typical Uses:**  \nFresh mozzarella like this is versatile; it excels in Italian dishes such as Caprese salads, baked pasta casseroles, and classic pizzas where its meltability and creamy flavor shine. Its thin slicing makes it particularly suitable for quick preparation, adding creamy richness without overpowering other ingredients.\n\n**Packaging and Pricing:**  \nThe product comes in a 6-pack of 1 lb loaves, each loaf priced affordably at $6.00 with $5.76 per pound cost, totaling $34.55. This packaging suits foodservice needs or families seeking ready-to-use fresh mozzarella with minimal preparation.\n\nIn summary, Galbani Fresh Moz",
    "image_url": "https://shop.kimelo.com/_next/image?url=https%3A%2F%2Fd3tlizm80tjdt4.cloudfront.net%2Fimage%2F13746%2Fimage%2Fsm-6e810ecb0cadc532f8c04cabb747fdf2.png&w=3840&q=50",
    "metadata": {
      "cheese_type": "Cheese, Mozzarella, Fresh, Loaf, Thin Slice, 6/1 Lb - 112545",
      "source_url": "https://shop.kimelo.com/sku/cheese-mozzarella-fresh-loaf-thin-slice-61-lb-112545/112545",
      "brand": "Galbani",
      "cheese_form": "Cheese Loaf",
      "sku": 112545,
      "upc": 112545,
      "price_per_lb": 5.76,
      "price_each": 34.55,
      "lb_per_each": 6.0,
      "case": "No"
    },
    "id": "236da3fb3c6ab94f237b37492cfea87d",
    "processed_at": "2025-05-08T15:39:25.232874"
  },
  {
    "description": "This product is Valbreso Feta, a specialty French cheese presented in a convenient 18-pound pail. Valbreso is a distinguished brand known for producing authentic French feta cheese.\n\n**Appearance and Form:**\nThe cheese comes packed in a sturdy, white plastic pail with a secure snap-on lid and a metal handle for easy transport. This large-format container is ideal for commercial kitchens or foodservice providers needing substantial quantities. The packaging preserves the cheese's freshness and protects its distinctive texture and flavor during storage.\n\n**Texture and Characteristics:**\nValbreso Feta is renowned for its creamy yet crumbly texture, which is softer and moister than traditional Greek feta styles due to its production from 100% fresh French sheep’s milk. This milk imparts a delicate, slightly tangy flavor with a subtle richness and complex aroma. The feta is white, dense but easily crumbled, making it versatile for various culinary applications.\n\n**Origin:**\nProduced in France, specifically in the Rhône-Alpes region, Valbreso feta adheres to premium production standards, using authentic sheep’s milk which distinguishes it from cow or goat milk feta varieties. This gives the cheese a luxurious mouthfeel and an authentic French gourmet profile.\n\n**Typical Uses:**\nValbreso Feta is ideal for salads, appetizers, and Mediterranean dishes. It pairs beautifully with fresh vegetables, olives, herbs, and fruits. It can be crumbled over dishes for a tangy burst of flavor, used in baking savory pies",
    "image_url": "https://shop.kimelo.com/_next/image?url=https%3A%2F%2Fd3tlizm80tjdt4.cloudfront.net%2Fimage%2F17988%2Fimage%2Fsm-82414835d395197c5f8390f295a0f0fe.jpg&w=3840&q=50",
    "metadata": {
      "cheese_type": "Cheese, Feta, French, Pail, Valbreso, 18 Lb Avg - 123797",
      "source_url": "https://shop.kimelo.com/sku/cheese-feta-french-pail-valbreso-18-lb-avg-123797/123797",
      "brand": "Valbreso",
      "cheese_form": "Specialty Cheese",
      "sku": 123797,
      "upc": 123797,
      "price_per_lb": 6.95,
      "price_each": 125.1,
      "lb_per_each": 18.0,
      "case": "No"
    },
    "id": "10db0f845054723445c8aa8d5816045d",
    "processed_at": "2025-05-08T15:39:32.776120"
  },
  {
    "description": "This product is Philadelphia Whipped Cream Cheese, a premium cheese spread by Kraft. Presented in a convenient 8 oz tub, this cream cheese is carefully whipped to a light, airy texture that makes it exceptionally easy to spread. The whipped form offers a smooth, fluffy consistency that melts effortlessly on bagels, toast, and crackers.\n\nPhiladelphia Whipped Cream Cheese is crafted for a rich, creamy flavor while maintaining a silky softness that differentiates it from denser cream cheeses. It contains no artificial flavors, highlighting its pure and natural profile. The cheese is white, smooth, and uniform in appearance, reflecting its fine processing and quality.\n\nOriginating from the well-known Philadelphia brand, established in 1872, this cream cheese spread is commonly used in both savory and sweet applications—ideal for spreading, dipping, or as an ingredient in recipes requiring a creamy, mild cheese component. Its spreadable consistency makes it perfect for quick preparation and enjoyable snacking.\n\nAt a cost of $21.68 for a six-pack (SKU 172026), with a price per pound of $7.23, and single tubs weighing approximately 3.00 lbs in total case weight, this product offers good value for its quality and convenience. Philadelphia Whipped Cream Cheese is a versatile staple in many households, prized for both its texture and signature smooth taste.",
    "image_url": "https://shop.kimelo.com/_next/image?url=https%3A%2F%2Fd3tlizm80tjdt4.cloudfront.net%2Fremote_images%2Fimage%2F14101%2Fsmall%2F59becfe7880750956b1c39a81e7f2bfef3437a4b464a2f5a69.jpg&w=3840&q=50",
    "metadata": {
      "cheese_type": "Cheese, Cream Cheese, Whipped Tub, Philadelphia (6) 377753 - Sku 172026",
      "source_url": "https://shop.kimelo.com/sku/cheese-cream-cheese-whipped-tub-philadelphia-6-377753-sku-172026/172026",
      "brand": "Kraft",
      "cheese_form": "Cream Cheese",
      "sku": 172026,
      "upc": 172026,
      "price_per_lb": 7.23,
      "price_each": 21.68,
      "lb_per_each": 3.0,
      "case": "No"
    },
    "id": "11e3a43c567ba92072de25bb36be9cc7",
    "processed_at": "2025-05-08T15:39:38.337913"
  },
  {
    "description": "This product is a premium shredded cheese blend from Galbani, a well-known Italian cheese brand renowned for its quality and authentic flavors. The blend is a combination of five different cheeses: mozzarella, whole milk mozzarella (Wmlm), provolone, parmesan, and romano. This mix offers a balanced profile combining the mild creaminess of mozzarella, the slightly tangy, robust flavor of provolone, the nutty, aged sharpness of parmesan, and the distinct sharp and salty notes from romano cheese.\n\n### Appearance and Texture:\nThe cheese is presented in finely shredded form, making it highly convenient for melting and even distribution over dishes. The shreds are creamy white with slight variations in hue corresponding to the different cheese types in the blend. The texture of this shredded blend is smooth and pliable, ideal for melting evenly without clumping, which makes it perfect for pizza, pasta, casseroles, and baked dishes.\n\n### Origin and Brand:\nGalbani is an established Italian brand known for producing traditional Italian cheeses with authentic taste and high quality. This blend reflects Italian cheese-making heritage, bringing together cheeses traditionally used in Italian cuisine.\n\n### Typical Uses:\nThis 5-cheese shredded blend is extremely versatile in the kitchen. Its balanced flavors make it perfect for:\n- Pizza toppings\n- Lasagna and baked pasta dishes\n- Salads or as a garnish on soups\n- Melting atop casseroles or bread dishes\n- Enhancing flavor and texture in savory snacks\n\n### Packaging and Pricing:\n",
    "image_url": "https://shop.kimelo.com/_next/image?url=https%3A%2F%2Fd3tlizm80tjdt4.cloudfront.net%2Fremote_images%2Fimage%2F7464%2Fsmall%2F4c120c44089fd73a9dc6802b21106ba43711bda636e75afc96.jpg&w=3840&q=50",
    "metadata": {
      "cheese_type": "Cheese, 5 Blend, Moz Wmlm/lmps/prov/parm/roma, 6/5 Lb - 123784",
      "source_url": "https://shop.kimelo.com/sku/cheese-5-blend-moz-wmlmlmpsprovparmroma-65-lb-123784/123784",
      "brand": "Galbani",
      "cheese_form": "Shredded Cheese",
      "sku": 123784,
      "upc": 123784,
      "price_per_lb": 3.21,
      "price_each": 96.18,
      "lb_per_each": 29.96,
      "case": "No"
    },
    "id": "86ae6ee123a02a473575a141bbbadbe6",
    "processed_at": "2025-05-08T15:39:44.523818"
  },
  {
    "description": "This is Galbani Premio Mozzarella Cheese, presented in an 8/5 lb loaf format, ideal for professional culinary use and specialty applications. \n\n**Appearance & Form:**\nThe cheese is shaped into a large loaf block which allows for easy slicing or shredding in commercial kitchen settings. Mozzarella typically has a smooth, creamy white exterior, suggesting a fresh and moist texture.\n\n**Texture & Characteristics:**\nGalbani Premio Mozzarella is known for its characteristic softness and elastic texture, making it perfect for melting and stretching. This cheese typically exhibits a high moisture content, which contributes to its creamy mouthfeel and excellent melting properties without releasing excess oil.\n\n**Origin & Brand:**\nProduced by Galbani, a respected Italian brand with a long-standing tradition in cheese-making, this mozzarella reflects authentic Italian quality. The \"Premio\" line suggests a premium grade product, designed for professional chefs and institutions demanding consistent flavor and performance.\n\n**Typical Uses:**\nThis mozzarella is highly versatile—ideal for pizza, lasagna, baked dishes, and fresh preparations like caprese salads. Its meltability and mild, slightly tangy flavor enhance a broad range of dishes while providing that classic stretchy mozzarella appeal.\n\n**Pricing & Packaging:**\nPriced at $102.95 per loaf (weighing approximately 8 pounds), with a cost of $12.87 per pound, this product is geared towards bulk buyers and commercial kitchens that require larger quantities of high-quality specialty cheese.\n\nIn",
    "image_url": "https://shop.kimelo.com/_next/image?url=https%3A%2F%2Fd3tlizm80tjdt4.cloudfront.net%2Fremote_images%2Fimage%2F8358%2Fsmall%2Fb2822f77cb40a483ec292d837dbfcea6b8be7f2e39cc90e6ca.jpg&w=3840&q=50",
    "metadata": {
      "cheese_type": "Cheese, Mozzarella, Lmps, Loaf, Premio, 8/5 Lb",
      "source_url": "https://shop.kimelo.com/sku/cheese-mozzarella-lmps-loaf-premio-85-lb/374193",
      "brand": "Galbani Premio",
      "cheese_form": "Specialty Cheese",
      "sku": 374193,
      "upc": 374193,
      "price_per_lb": 12.87,
      "price_each": 102.95,
      "lb_per_each": 8.0,
      "case": "No"
    },
    "id": "9acc9288fe59dfe8e1282912742640e9",
    "processed_at": "2025-05-08T15:39:49.196178"
  },
  {
    "description": "This product is Galbani Premio Mozzarella Cheese presented in a specialty loaf form. The packaging is a professional, solid block wrapped in a blue pouch, emphasizing its all-natural qualities. Galbani is a well-known and respected brand, suggesting high-quality standards for this cheese.\n\nMozzarella, especially in this loaf format, is prized for its smooth, semi-soft texture that melts beautifully, making it ideal for a variety of culinary applications, including pizzas, sandwiches, and baked dishes. The cheese is likely to have a mild, milky flavor with a delicate, slightly tangy note, typical of fresh mozzarella.\n\nThe large 8/5 lb package makes it suitable for professional kitchens and food service operations where volume and consistency matter. With a price point of $10.85 per pound, it positions itself as a premium product, reflecting its quality and origin.\n\nOverall, Galbani Premio Mozzarella Cheese in this loaf format is perfect for chefs and business operators looking for a reliable, high-quality mozzarella that ensures excellent taste and melting characteristics in their recipes.",
    "image_url": "https://shop.kimelo.com/_next/image?url=https%3A%2F%2Fd3tlizm80tjdt4.cloudfront.net%2Fremote_images%2Fimage%2F8390%2Fsmall%2F53b845e1fb7106fdd945620096b458f0828fadee1fe5d5d0e8.jpg&w=3840&q=50",
    "metadata": {
      "cheese_type": "Cheese, Mozzarella, Wmlm, Loaf, Premio, 8/5 Lb",
      "source_url": "https://shop.kimelo.com/sku/cheese-mozzarella-wmlm-loaf-premio-85-lb/374196",
      "brand": "Galbani Premio",
      "cheese_form": "Specialty Cheese",
      "sku": 374196,
      "upc": 374196,
      "price_per_lb": 10.85,
      "price_each": 108.52,
      "lb_per_each": 10.0,
      "case": "No"
    },
    "id": "abc878c11514a9496a39f589b9dd8ffb",
    "processed_at": "2025-05-08T15:39:53.253751"
  },
  {
    "description": "This product is Cheswick's Pepperjack Feather Shred, presented in a large 4 to 5-pound bag, ideal for commercial or bulk use. The shredded cheese features fine, delicate strands of Pepperjack, characterized by its creamy white color interspersed with subtle red and green flecks—these are bits of spicy peppers typical of Pepperjack cheese. This adds both visual appeal and a hint of heat and flavor.\n\nPepperjack cheese is a semi-soft, Monterey Jack-style cheese infused with spicy chili peppers, giving it a distinctive piquant profile that balances creaminess with a mild to moderate kick. The feather shred form allows the cheese to melt evenly, making it perfect for a variety of culinary applications such as grilling, topping on salads, blending into sauces, or melting over dishes like burgers, quesadillas, and nachos.\n\nThe product’s bulk packaging and shred size offer convenience for foodservice environments or culinary professionals looking for easy-to-use, flavorful shredded cheese. Priced competitively at $3.29 per pound with a total weight price around $19.98, it provides excellent value for those requiring larger quantities without sacrificing quality.\n\nOverall, Cheswick’s Pepperjack Feather Shred is a versatile and flavorful ingredient that brings both creamy texture and spicy notes, suitable for enhancing a wide range of recipes.",
    "image_url": "https://shop.kimelo.com/_next/image?url=https%3A%2F%2Fd3tlizm80tjdt4.cloudfront.net%2Fimage%2F17990%2Fimage%2Fsm-83f15352ef57aee10ecf9f5eacd4c835.png&w=3840&q=50",
    "metadata": {
      "cheese_type": "Cheese, Pepperjack, Feather Shred, 4/5 Lb - 123794",
      "source_url": "https://shop.kimelo.com/sku/cheese-pepperjack-feather-shred-45-lb-123794/123794",
      "brand": "Cheswick",
      "cheese_form": "Shredded Cheese",
      "sku": 123794,
      "upc": 123794,
      "price_per_lb": 3.29,
      "price_each": 65.72,
      "lb_per_each": 19.98,
      "case": "No"
    },
    "id": "34a96126cdd3ea6544a154bddce8c8d8",
    "processed_at": "2025-05-08T15:40:06.361747"
  },
  {
    "description": "This product is Galbani Fresh Mozzarella, specifically the Ovoline (egg-shaped) variety, available in a frozen form. Packaged in a convenient tub, this specialty cheese weighs approximately 2/3 of a pound, making it ideal for both home use and small-scale culinary needs.\n\n**Appearance & Form:**  \nGalbani’s Fresh Mozzarella Ovoline features a smooth, white exterior typical of high-quality mozzarella. The cheese is formed into small, individual ovoline shapes, which are rounded and slightly oval, perfect for easy portioning and presentation. The packaging clearly highlights the cheese submerged in a mild brine or whey solution to maintain its moisture and freshness.\n\n**Texture & Characteristics:**  \nThis fresh mozzarella is known for a delicate, soft texture with a supple, elastic consistency that melts beautifully. When fresh, the cheese should feel moist and slightly springy to the touch, offering a creamy mouthfeel without being overly dense. The flavor profile is mild, milky, and subtly tangy, making it versatile in a variety of culinary applications.\n\n**Origin & Brand:**  \nGalbani is a renowned Italian cheese brand with a long heritage since 1882, often celebrated as \"Italy’s Favorite Cheese Brand.\" Although this particular product is made in the USA, it carries the authentic Italian tradition of mozzarella craftsmanship, ensuring quality and authentic flavor.\n\n**Typical Uses:**  \nGalbani Fresh Mozzarella Ovoline excels in classic Italian dishes such as Cap",
    "image_url": "https://shop.kimelo.com/_next/image?url=https%3A%2F%2Fd3tlizm80tjdt4.cloudfront.net%2Fremote_images%2Fimage%2F10806%2Fsmall%2F080a48a561d13a90309f06536874d86ca67cf124dc3961482d.jpg&w=3840&q=50",
    "metadata": {
      "cheese_type": "Cheese, Mozzarella, Frozen, Ovoline, Galbani, 2/3 Lb",
      "source_url": "https://shop.kimelo.com/sku/cheese-mozzarella-frozen-ovoline-galbani-23-lb/374567",
      "brand": "Galbani",
      "cheese_form": "Specialty Cheese",
      "sku": 374567,
      "upc": 374567,
      "price_per_lb": 2.44,
      "price_each": 14.64,
      "lb_per_each": 6.0,
      "case": "No"
    },
    "id": "dc6a6d870b44a83e278a45b5c5c28225",
    "processed_at": "2025-05-08T15:40:11.261962"
  },
  {
    "description": "This is a Muenster cheese loaf from the brand Packer, presented as a specialty cheese product. The cheese is shaped into a sizable rectangular block weighing approximately 5 pounds, making it ideal for both retail and bulk usage.\n\nAppearance-wise, this Muenster cheese features a smooth, pale interior contrasted by a distinctive orange rind. The rind, which is typically a washed rind, has a firm yet slightly pliable texture and carries the characteristic bright orange hue. The interior paste is creamy white, uniform in texture, and shows no holes or cracks, indicating a well-aged and carefully crafted product.\n\nIn terms of texture, Muenster cheese is semi-soft with a supple consistency that allows for easy slicing, as demonstrated by the thin slices shown in the image. It offers a smooth mouthfeel, making it versatile for consumption both as a table cheese and in melting applications.\n\nOriginating from the Alsace region of France but widely produced in the United States, Muenster cheese is known for its mild flavor with subtle tangy and slightly nutty undertones. The rind contributes a mild pungency without overpowering the overall taste.\n\nTypical uses for this cheese include slicing for sandwiches, melting over dishes such as burgers or casseroles, and serving on cheese platters. Its mild taste profile also pairs well with various fruits, nuts, and wines.\n\nWith a retail price of $32.90 per 5-pound loaf (equating to $32.90 per pound), this Packer brand M",
    "image_url": "https://shop.kimelo.com/_next/image?url=https%3A%2F%2Fd3tlizm80tjdt4.cloudfront.net%2Fremote_images%2Fimage%2F14165%2Fsmall%2F0158d18ec81507169591cc645a9fff7c6f09c04889186230a6.jpg&w=3840&q=50",
    "metadata": {
      "cheese_type": "Cheese, Muenster, Loaf (6) 5 Lbs,sku 172091",
      "source_url": "https://shop.kimelo.com/sku/cheese-muenster-loaf-6-5-lbssku-172091/172091",
      "brand": "Packer",
      "cheese_form": "Specialty Cheese",
      "sku": 172091,
      "upc": 172091,
      "price_per_lb": 32.9,
      "price_each": 32.9,
      "lb_per_each": 1.0,
      "case": "No"
    },
    "id": "fc1f6a77b0f14eeecf3e3a822f55f51c",
    "processed_at": "2025-05-08T15:40:16.843968"
  },
  {
    "description": "This is a wheel of Zerto brand Pecorino Romano cheese, presented here with a wedge cut to showcase its interior texture. Pecorino Romano is a traditional Italian cheese made from sheep's milk, known for its hard, crumbly texture and sharp, salty flavor profile. \n\n### Appearance:\nThe cheese wheel has a natural pale ivory to off-white rind embossed with the authentic Pecorino Romano markings, indicating its origin and adherence to production standards. The interior paste is dense with a slightly grainy, crumbly consistency, typical of aged Pecorino Romano, making it ideal for grating or slicing.\n\n### Texture and Characteristics:\nThis semi-hard to hard cheese exhibits a firm, granular texture that breaks away in chunks when cut. The dry, crumbly nature reflects its aging process, which contributes to its concentrated flavors. Pecorino Romano is known for its bold, tangy, and salty taste — sharper than many other sheep's milk cheeses — making it a favorite for enhancing savory dishes.\n\n### Origin and Uses:\nPecorino Romano originates from Italy, specifically from regions such as Lazio, Sardinia, and Tuscany. It has been a staple in Italian cuisine for centuries. Due to its robust flavor, it is commonly used as a grating cheese over pasta, soups, and salads, or enjoyed in thin slices paired with honey, fresh fruit, or robust bread.\n\n### Product Details Recap:\n- Brand: Zerto\n- Cheese Type: Pecorino Romano, ",
    "image_url": "https://shop.kimelo.com/_next/image?url=https%3A%2F%2Fd3tlizm80tjdt4.cloudfront.net%2Fremote_images%2Fimage%2F7585%2Fsmall%2F6fdb15f3fb9a8218f44f4394daed962b794d29364f31ec757a.jpg&w=3840&q=50",
    "metadata": {
      "cheese_type": "Cheese, Pecorino, Romano, 14 Lb 124109",
      "source_url": "https://shop.kimelo.com/sku/cheese-pecorino-romano-14-lb-124109/124109",
      "brand": "Zerto",
      "cheese_form": "Sliced Cheese",
      "sku": 124109,
      "upc": 124109,
      "price_per_lb": 5.09,
      "price_each": 71.25,
      "lb_per_each": 14.0,
      "case": "No"
    },
    "id": "5c0ada76ab03f0e32b5ab92c6c99b944",
    "processed_at": "2025-05-08T15:40:28.792486"
  },
  {
    "description": "This product is Tillamook Sharp White Cheddar Cheese, presented in a convenient sliced form. The cheese block is wrapped in a distinctive red packaging that prominently features the Tillamook brand name and logo, reflecting its heritage and quality.\n\n**Appearance and Texture:**\nThe cheese exhibits a clean, bright white color typical of white cheddar, with a firm yet slightly crumbly texture that is characteristic of sharp cheddars. The slicing form ensures consistent thickness, ideal for sandwiches or quick melting applications.\n\n**Flavor Profile:**\nAs a sharp cheddar, it delivers a pronounced tangy and robust flavor with a well-balanced sharpness that appeals to those who enjoy a bold cheese experience. The aging process enhances the complexity, providing hints of nuttiness alongside its creamy undertones.\n\n**Origin:**\nTillamook is a respected American brand known for its high-quality dairy products, originating from Tillamook County in Oregon. The region's rich dairy farming tradition is reflected in the cheese’s superior taste and texture.\n\n**Typical Uses:**\nThis sharp white cheddar is versatile, perfect for slices on sandwiches, burgers, or crackers. It also melts well, making it suitable for grilled cheese, casseroles, and soups, enhancing dishes with its sharp, full-bodied flavor.\n\n**Packaging and Pricing:**\nThe product is packaged in a 0.75-ounce slice (21 g), with a SKU of 172111 and UPC 172111. It is priced at $49.80 for the package, with a",
    "image_url": "https://shop.kimelo.com/_next/image?url=https%3A%2F%2Fd3tlizm80tjdt4.cloudfront.net%2Fremote_images%2Fimage%2F14324%2Fsmall%2F5211137065f5e986902c6a62fa4eb3f764ed76d03efbf7a3b2.jpg&w=3840&q=50",
    "metadata": {
      "cheese_type": "Cheese, Cheddar, Sharp White, 100/0.75 Oz Oz Tillamook 613897, Sku 172111",
      "source_url": "https://shop.kimelo.com/sku/cheese-cheddar-sharp-white-100075-oz-oz-tillamook-613897-sku-172111/172111",
      "brand": "Tillamook",
      "cheese_form": "Sliced Cheese",
      "sku": 172111,
      "upc": 172111,
      "price_per_lb": 0.5,
      "price_each": 49.8,
      "lb_per_each": 99.6,
      "case": "No"
    },
    "id": "3e2b4847ccf9890de714a7f72079781a",
    "processed_at": "2025-05-08T15:40:33.936504"
  },
  {
    "description": "This product is a pack of Babybel Mini Cheese, a specialty cheese item widely recognized for its convenient and playful packaging. The cheese portions are individually wrapped in a distinctive red wax coating, offering a protective and attractive barrier that preserves freshness.\n\nAppearance: Each Babybel Mini is small, round, and uniformly shaped with a bright red wax exterior imprinted with the Babybel logo. This vivid wax covering makes the cheese easily identifiable and adds a nostalgic, fun element to its presentation. Inside, the cheese is creamy white, smooth, and semi-soft.\n\nTexture and Characteristics: Babybel is classified as a semi-soft cheese, known for its creamy yet firm texture that is smooth to bite into without crumbling. It delivers a mild, buttery flavor profile with a slight tang, suitable for a wide audience including children and adults. The cheese is 100% natural, indicating that it contains no artificial ingredients or preservatives.\n\nOrigin & Brand: Although the packaging in the image references the Babybel brand, the metadata mentions \"Laughing Cow,\" which is a related brand under the Bel Group umbrella; both Babybel and Laughing Cow specialize in soft, creamy cheeses. Babybel cheese is originally from France, often made in a traditional style that balances smoothness with taste.\n\nUsage: Babybel Mini cheeses are perfect as a convenient snack option, lunchbox addition, or party appetizer. Their individually wrapped format makes them highly portable and hygienic. These cheeses can also be paired with crackers, fresh fruit, or used in",
    "image_url": "https://shop.kimelo.com/_next/image?url=https%3A%2F%2Fd3tlizm80tjdt4.cloudfront.net%2Fremote_images%2Fimage%2F15042%2Fsmall%2F4752a482739aa892814722431a3b0e1a4930af59437ce4920d.jpg&w=3840&q=50",
    "metadata": {
      "cheese_type": "Cheese, Mini, Babybel (red Wrap) 72/0.75 Oz, Sku 172119",
      "source_url": "https://shop.kimelo.com/sku/cheese-mini-babybel-red-wrap-72075-oz-sku-172119/172119",
      "brand": "Laughing Cow",
      "cheese_form": "Specialty Cheese",
      "sku": 172119,
      "upc": 172119,
      "price_per_lb": 0.71,
      "price_each": 51.29,
      "lb_per_each": 72.24,
      "case": "No"
    },
    "id": "a0bd37bb14f0709ecd1de5da4693620b",
    "processed_at": "2025-05-08T15:40:41.730547"
  },
  {
    "description": "This product is Good Culture Organic Whole Milk Classic Cottage Cheese, presented in a 5.3-ounce container. It is a classic style of cottage cheese, featuring pure, pasture-raised milk resulting in soft, small curds that provide a delicate and creamy texture. The cheese contains 4% milkfat, which lends it a rich mouthfeel while maintaining a light and fresh character typical of whole milk cottage cheese.\n\nThe curds are moist and tender, showcasing the characteristic loose granules that make cottage cheese versatile for both savory and sweet culinary uses. With 19 grams of protein per serving, it offers a high-protein option suitable for health-conscious consumers seeking organic dairy products.\n\nOriginating from pasture-raised cows and certified organic, this cheese upholds high-quality standards without the use of synthetic pesticides or fertilizers, appealing to organic product enthusiasts. The packaging prominently features the USDA organic seal, reinforcing its commitment to organic farming practices.\n\nTypical uses for this cottage cheese include eating it on its own as a snack, mixing into salads, blending into smoothies, or incorporating it into recipes like lasagnas, dips, and baked goods. Its mild tang and creamy texture make it a versatile ingredient in various dishes.\n\nPriced at $11.99 per container and $3.33 per pound, this product reflects a premium organic cottage cheese offering under the Good Culture brand, known for its dedication to high-quality and responsibly sourced dairy products.",
    "image_url": "https://shop.kimelo.com/_next/image?url=https%3A%2F%2Fd3tlizm80tjdt4.cloudfront.net%2Fremote_images%2Fimage%2F14127%2Fsmall%2F8d497ba0b199b319f4f58febfebec4619b58c4763daff721fd.jpg&w=3840&q=50",
    "metadata": {
      "cheese_type": "Cottage Cheese, Classic, Organic 12/5 Oz, 84778, Sku 172052",
      "source_url": "https://shop.kimelo.com/sku/cottage-cheese-classic-organic-125-oz-84778-sku-172052/172052",
      "brand": "Good Culture",
      "cheese_form": "Cottage Cheese",
      "sku": 172052,
      "upc": 172052,
      "price_per_lb": 3.33,
      "price_each": 39.93,
      "lb_per_each": 11.99,
      "case": "No"
    },
    "id": "2e02dd9e19d789059783d0e387c2f94f",
    "processed_at": "2025-05-08T15:40:47.467826"
  },
  {
    "description": "This product is Organic Valley Stringles Organic String Mozzarella Cheese, presented in a specialty form. The packaging contains 24 individually wrapped 1-ounce string cheese sticks, making it convenient for on-the-go snacking or portion control.\n\n### Appearance:\nThe cheese is pale white to creamy in color, consistent with traditional mozzarella. Each stick is uniform in size and shape, designed to be peeled apart into thin, stringy strips, characteristic of string cheese.\n\n### Texture:\nString cheese is known for its unique fibrous texture, which allows it to be pulled apart easily into strings. This mozzarella variant is smooth and elastic, offering a satisfying chew without being tough or rubbery. It melts evenly when heated, making it versatile for a variety of culinary uses.\n\n### Characteristics:\n- **Type:** Organic mozzarella prepared to be peeled into strings.\n- **Flavor profile:** Mild, milky, and slightly tangy, typical of fresh mozzarella. Its organic production ensures no use of synthetic pesticides or fertilizers.\n- **Nutritional highlights:** Marketed as a good source of protein, aligning with health-conscious consumers seeking organic dairy options.\n\n### Origin:\nProduced by Organic Valley, a reputable brand known for organic dairy products sourced from family farms in the USA. The brand emphasizes sustainability, animal welfare, and high-quality organic standards.\n\n### Typical Uses:\n- Ideal for healthy snacks, lunchboxes, and convenient protein boosts.\n- Can be used in salads, melted on pizzas, incorporated into pasta dishes, or paired with",
    "image_url": "https://shop.kimelo.com/_next/image?url=https%3A%2F%2Fd3tlizm80tjdt4.cloudfront.net%2Fremote_images%2Fimage%2F14108%2Fsmall%2Fd36c33635977c041d652f1f7a3af8c01abffa2f2456ec7c315.jpg&w=3840&q=50",
    "metadata": {
      "cheese_type": "Cheese, Stringles String Mozzarella, Organic 24/1 Oz Ct , 10278 - Sku 172034",
      "source_url": "https://shop.kimelo.com/sku/cheese-stringles-string-mozzarella-organic-241-oz-ct-10278-sku-172034/172034",
      "brand": "Organic Valley",
      "cheese_form": "Specialty Cheese",
      "sku": 172034,
      "upc": 172034,
      "price_per_lb": 0.86,
      "price_each": 20.65,
      "lb_per_each": 24.01,
      "case": "No"
    },
    "id": "ddffb2944daafc81f62abe017ab18e46",
    "processed_at": "2025-05-08T15:40:54.175683"
  },
  {
    "description": "This product is Krinos Manouri cheese, presented in a log form and sliced for convenience. Manouri is a traditional Greek cheese, recognized for its creamy texture and mild flavor profile. It is a fresh cheese made from the whey of sheep or goat milk, often combined with some cream to enhance its smooth, velvety consistency.\n\n**Appearance and Texture:**  \nThe Manouri cheese in this image is cylindrical, wrapped in a neutral-colored packaging that highlights its Greek origin. Typically, Manouri has a white to pale ivory color, with a soft but slightly crumbly texture that is less dry than traditional feta but firmer than ricotta. The sliced form suggests ease of use for serving or cooking.\n\n**Characteristics:**  \nManouri is known for a delicate, buttery flavor with subtle tangy notes, making it versatile for various culinary uses. It is less salty and creamier than feta cheese, providing a gentle richness that pairs well with both sweet and savory dishes.\n\n**Origin and Brand:**  \nThis Manouri cheese is imported from Greece, packaged by Krinos, a reputable brand specializing in authentic Greek food products. The inclusion of sheep and goat imagery on the label underscores the traditional shepherding heritage tied to this cheese.\n\n**Typical Uses:**  \nManouri is excellent in salads, as a table cheese, or gently melted in cooking. Its creamy texture also makes it suitable for desserts or paired with fruits and honey, offering a mild but flavorful complement to richer ingredients.\n\n**Packaging and Pricing:**  \n",
    "image_url": "https://shop.kimelo.com/_next/image?url=https%3A%2F%2Fd3tlizm80tjdt4.cloudfront.net%2Fremote_images%2Fimage%2F7223%2Fsmall%2F10d8ce04c768520771ad150340f03f5d6e9d96b8f373592dd4.jpg&w=3840&q=50",
    "metadata": {
      "cheese_type": "Cheese, Manouri, Log, Greek, Imported, 4/5 Lb 125736",
      "source_url": "https://shop.kimelo.com/sku/cheese-manouri-log-greek-imported-45-lb-125736/125736",
      "brand": "Krinos",
      "cheese_form": "Sliced Cheese",
      "sku": 125736,
      "upc": 125736,
      "price_per_lb": 6.97,
      "price_each": 139.32,
      "lb_per_each": 19.99,
      "case": "No"
    },
    "id": "0db3c53cf6845635c5d7825e5306f305",
    "processed_at": "2025-05-08T15:40:59.498772"
  }
]